3344 5126
713 443 754 506 33

174 629 320 714 ineptum
347 628 486 693 videtur.
537 627 608 708 Ego
637 649 697 692 cur
723 628 805 692 haec
835 625 1042 708 potissimum
1071 648 1157 692 nuuc
1187 625 1263 708 prof
1280 663 1293 674 ·

174 745 292 803 rantur
313 737 395 802 nihil
418 737 508 802 aliud
524 739 558 803 in
573 759 693 803 caussa
715 737 818 801 fuisse
834 737 916 800 satis
933 735 1134 801 confidenter
1156 735 1297 813 affirma

175 851 274 931 quam
297 848 384 930 quod
405 850 520 915 eadem
542 849 800 931 disputationem
823 846 969 930 aliquam
998 846 1038 910 de
1059 847 1219 933 hydraule
1242 869 1296 912 ex-

176 959 343 1040 cipiebant
364 959 398 1023 in
419 959 476 1024 illo
498 959 585 1024 libro
608 980 704 1044 quem
726 959 781 1023 hic
803 958 888 1022 forte
910 957 1077 1039 expilabat
1098 957 1295 1022 Athenaeus.

175 1069 292 1135 Eidem
314 1071 417 1152 igitur
437 1069 523 1135 libro
547 1091 631 1153 quae
654 1070 695 1134 de
723 1069 885 1155 hydraule
914 1069 1070 1133 docemur
1093 1073 1125 1133 et
1147 1089 1231 1150 quae
1254 1068 1295 1132 de

173 1175 398 1265 „pqqpuivoicw
420 1178 541 1250 ablui&
562 1179 689 1262 profert
705 1179 893 1245 Athenaeus
914 1179 1029 1245 deberi
1044 1199 1170 1244 censeo
1221 1177 1296 1244 Jam

173 1311 248 1354 cum
263 1291 297 1355 in
312 1295 408 1355 tanta
422 1291 627 1373 neglegentia
643 1290 1175 1375 deprehenderimusAthenaeum,
1190 1310 1296 1353 nonne

173 1401 243 1465 veri
258 1404 308 1465 est
326 1400 535 1483 simillimum,
558 1402 657 1466 etiam
673 1423 712 1466 ea
727 1423 812 1483 quae
828 1401 868 1465 de
885 1401 1004 1465 ceteris
1026 1401 1160 1484 organis
1180 1403 1297 1463 narrat

174 1531 213 1575 ex
234 1531 299 1575 uno
323 1511 503 1596 eodemque
526 1512 637 1576 omnia
659 1511 745 1576 libro
768 1511 989 1593 transscripta
1017 1511 1111 1577 esse?
1145 1510 1190 1575 Et
1210 1510 1295 1574 hanc

176 1625 264 1686 certe
287 1643 397 1686 veram
423 1643 496 1688 esse
519 1621 705 1703 opinionem
727 1644 766 1687 ex
791 1642 830 1687 eo
855 1642 952 1704 quem
980 1622 1067 1687 inter
1089 1621 1295 1686 Athenaeum

176 1729 409 1816 Pollucemque
437 1732 642 1798 intercedere
665 1730 887 1798 demonstravi
910 1752 1072 1798 consensu
1102 1730 1297 1796 concludere

176 1839 309 1922 licebit;
333 1843 391 1925 qui
413 1863 477 1908 non
494 1842 610 1909 dubito
633 1843 712 1926 quin
734 1842 837 1907 multo
866 1843 973 1908 minus
995 1843 1134 1925 insignis
1157 1842 1244 1906 foret
1267 1841 1296 1904 si

174 1971 214 2015 ex
236 1950 376 2017 diversis
398 1952 494 2019 libris
519 1973 580 2019 sua
594 1954 835 2036 composuisset
855 1954 1055 2019 Athenaeus.
1091 1953 1296 2038 Hydraulum

173 2068 283 2127 autem
306 2063 523 2147 gingrumque
546 2069 579 2130 et
598 2065 732 2130 nablam
755 2065 809 2129 cui
832 2064 951 2131 debeat
973 2064 1101 2129 auctori
1122 2084 1182 2146 pro
1205 2083 1296 2129 more

176 2194 235 2238 suo
250 2195 316 2238 non
330 2175 457 2240 indicat
472 2174 675 2256 Athenaeus;
698 2180 815 2240 contra
828 2175 1004 2257 trigonum,
1022 2173 1296 2260 lyrophoenicem,

175 2284 377 2365 sambucam,
391 2284 548 2352 barbiton
564 2290 725 2350 aschein
742 2297 856 2365 quarto
879 2285 1094 2369 θεατρικῆς
1117 2277 1296 2368 ἱστορίας

176 2399 256 2459 libro
279 2395 529 2460 commemorari
551 2395 634 2460 dicit
656 2416 687 2478 p.
711 2401 771 2461 175
793 2396 908 2483 DsE1)

259 2504 338 2591 Gap.
371 2512 411 2573 78
441 2505 602 2588 extemplo
633 2527 653 2570 a
681 2505 985 2597 percussionalibus
1015 2524 1098 2587 quas
1130 2505 1221 2571 haud
1247 2507 1296 2571 in·

175 2618 346 2684 commode
368 2620 465 2683 vocat
485 2616 649 2681 Ricardus
664 2615 896 2699 Volkmannus,
918 2613 1053 2699 organis
1076 2617 1120 2682 ad
1141 2615 1296 2682 inflatilia

174 2728 340 2793 transsilit
361 2727 413 2794 vel
433 2727 542 2794 resilit
555 2727 667 2813 potius
682 2725 880 2792 Athenaeus.
915 2725 959 2792 Et
973 2749 1058 2813 quae
1080 2727 1120 2792 de
1142 2728 1295 2793 monaulo

174 2844 207 2904 et
228 2838 395 2924 plagiaulo
423 2839 563 2921 referat,
592 2859 631 2905 ea
661 2859 791 2923 quoque
812 2843 912 2904 Juoce
938 2857 973 2902 se
1007 2838 1127 2904 debere
1157 2839 1296 2922 ingenue

172 3031 335 3090 tenuissem
352 3032 382 3088 id
401 3049 480 3089 nemo
497 3033 581 3089 hodie
599 3050 654 3089 non
672 3033 810 3105 explodet.
847 3032 964 3097 Scimus,
983 3049 1078 3088 revera
1095 3031 1153 3087 illis
1164 3033 1298 3104 tempori-

173 3116 225 3172 bus
242 3118 355 3188 putidos
380 3118 522 3187 sophistas
539 3118 613 3174 inter
629 3121 731 3190 pocula
748 3117 783 3172 de
801 3117 892 3172 doctis
914 3119 1020 3174 rixatos
1050 3134 1111 3174 csse
1138 3119 1297 3188 quaestiun-

178 3200 248 3255 culis
267 3201 313 3270 (cf.
331 3203 458 3257 hebraica
474 3203 630 3260 Aristarch.
655 3205 698 3259 ed.
719 3204 759 3260 II.
784 3219 811 3274 p.
831 3205 881 3256 210
904 3208 976 3273 sqq),
1000 3202 1049 3258 sed
1073 3202 1139 3273 quin
1164 3203 1299 3259 eiusmodi

178 3286 243 3341 libri
270 3286 365 3357 quales
393 3289 458 3342 sunt
482 3288 622 3345 Athenaei
647 3288 910 3358 Deipnosophistae‚
937 3287 1081 3342 Plutarchi
1111 3288 1298 3359 Symposiuca,

176 3370 262 3425 Gellii
287 3371 393 3426 Noctes
416 3389 477 3426 eam
495 3391 549 3444 qua
567 3375 666 3430 florent
685 3375 826 3430 doctrinae
844 3373 1002 3428 ubertatem
1021 3373 1045 3427 si
1063 3389 1117 3427 non
1136 3390 1244 3428 onmem
1269 3375 1300 3428 at

177 3472 265 3524 paene
285 3471 394 3511 omnem
412 3458 481 3528 ipsis
498 3461 608 3514 tantum
627 3459 747 3514 debeant
765 3457 934 3525 auctoribus,
953 3457 1058 3514 nemini
1079 3458 1160 3514 hodie
1184 3459 1299 3514 dubium

176 3541 239 3596 erit.
275 3541 312 3595 Et
329 3542 495 3597 Plutarchus
519 3544 631 3613 quidem
653 3543 813 3615 Gelliusque
841 3561 903 3600 curn
925 3543 1048 3614 ipsorum
1073 3558 1229 3596 sermonum
1258 3543 1300 3595 iu·

177 3625 268 3681 dolam
287 3643 451 3698 cursumque
470 3628 538 3683 satis
557 3627 586 3682 in
597 3629 755 3684 uniuersum
767 3627 890 3683 fideliter
902 3629 1127 3697 repraesentasse
1145 3625 1300 3693 videantur,

174 3711 346 3766 Athenaeum
359 3712 388 3766 in
401 3716 497 3783 aperto
511 3715 564 3780 est,
583 3716 632 3768 aut
648 3716 726 3769 totos
745 3729 885 3768 sermones
903 3711 937 3766 de
956 3727 1006 3766 suo
1024 3709 1145 3776 finxisse,
1160 3715 1299 3766 autrems

178 3811 319 3852 sermones
343 3797 385 3851 ita
407 3798 579 3863 immutasse,
603 3801 635 3852 ut
657 3798 830 3853 commodum
854 3795 1062 3852 nancisceretur
1084 3793 1223 3850 vinculum
1247 3811 1300 3865 quo

176 3882 314 3937 variorum
332 3881 489 3952 multijugis
508 3883 675 3939 cruditionis
692 3884 791 3939 florum
809 3883 877 3938 satis
902 3881 995 3937 laxam
1020 3884 1147 3937 necteret
1164 3897 1300 3936 coronam.

247 3985 272 4054 1)
290 3983 342 4038 His
364 3986 392 4037 et
417 3983 553 4038 similibus
572 3985 738 4054 quibusdam
764 3985 842 4051 locis,
866 3983 966 4056 quibus
991 4000 1057 4039 sane
1082 3983 1114 4038 de
1138 3997 1302 4052 organorum

178 4066 343 4121 musicorum
369 4068 559 4124 inventoribus
583 4071 651 4126 data
677 4071 821 4126 occasione
849 4069 1017 4124 disseruisse
1047 4067 1148 4122 Jubam
1178 4068 1302 4135 apparet,

178 4151 203 4206 si
231 4153 263 4208 D.
297 4153 472 4209 Volhmaunus
499 4154 529 4209 in
559 4155 649 4209 acutis
676 4156 710 4211 de
744 4155 846 4210 Suidae
872 4152 1062 4224 biographicis
1092 4150 1302 4222 quaestionibus

180 4240 216 4305 (p.
239 4239 272 4290 20
295 4254 323 4293 n.
348 4241 372 4305 l)
396 4238 527 4294 inductus
550 4241 606 4310 est„
625 4243 656 4294 ut
680 4240 781 4295 Jubam
805 4256 913 4310 quoque
937 4239 1010 4293 inter
1034 4240 1162 4293 auctores
1180 4235 1241 4306 περὶ
1260 4236 1303 4290 εὖ·

179 4320 307 4393 ρημάτων
331 4325 530 4380 numerandum
554 4341 616 4379 esse
649 4324 769 4391 diceret,
788 4324 876 4378 falsus
901 4325 952 4378 est.
989 4321 1044 4378 Sed
1061 4321 1160 4378 habuit
1182 4320 1303 4375 fortasse

177 4405 247 4459 alias
266 4407 396 4475 rationes,
415 4427 483 4480 quas
501 4409 584 4464 velim
603 4407 758 4464 indicasset
777 4409 886 4464 saltem.

228 4525 341 4582 Rohde,
360 4528 392 4572 Ile
405 4529 501 4572 Pollucis
516 4528 621 4572 fontibus.
1101 4509 1117 4560 3
