3344 5126
730 429 770 490 45

192 614 354 697 scriptore
384 608 580 691 sublegerit,
611 611 665 691 qui
694 609 879 675 Aristoxeni
905 612 1022 675 vixerit
1050 613 1220 695 impensis,
1255 614 1312 678 sed

192 744 258 788 non
280 722 402 802 ubique
424 719 479 782 cui
503 738 564 782 sua
586 719 707 784 debeat
727 719 885 785 lectorem
914 724 1085 786 monuerit.
1132 722 1208 786 lam
1237 745 1313 788 vero

192 833 293 898 talem
315 837 484 895 auctorem
515 831 794 914 circumspicienti
824 852 909 895 uuus
939 831 1076 896 offertur
1107 835 1312 898 Chamaeleon

193 966 223 1026 p.
246 946 307 1009 628
330 941 357 1004 E
379 941 536 1006 laudatus
570 941 612 1006 ab
642 940 825 1023 Athenaeo,
846 935 983 1025 'tamque
1010 944 1058 1007 rei
1088 947 1316 1011 convenienter

192 1053 363 1133 laudatus,
387 1057 425 1117 ut
445 1051 514 1116 veri
538 1052 581 1116 sit
596 1050 862 1133 dissimillimum,
885 1052 970 1118 hunc
993 1075 1093 1118 unum
1116 1055 1187 1120 eius
1206 1055 1316 1121 locum

193 1163 312 1227 ceteris
335 1163 573 1244 interspersum
596 1181 668 1227 esse
699 1162 741 1226 ab
769 1162 956 1244 Athenaeo;
984 1165 1106 1248 quippe
1132 1186 1229 1248 quem
1262 1187 1315 1232 ex·

190 1274 354 1356 ploratum
378 1274 431 1354 sit,
453 1271 653 1338 alienissimo
668 1271 860 1355 plerumque
882 1274 955 1338 loco
972 1295 1107 1340 suorum
1129 1277 1315 1341 meminisse

189 1383 475 1449 collectaneorum.
526 1381 811 1448 Chamaeleontem
848 1388 958 1448 autem
998 1384 1038 1448 de
1066 1385 1139 1468 ipso
1166 1389 1312 1452 veterum

189 1494 392 1559 Graecorum
434 1495 524 1558 cirea
563 1498 667 1557 artem
712 1495 872 1558 musicam
907 1494 1017 1558 studio
1052 1495 1241 1579 disputasse
1278 1499 1312 1560 in

190 1601 424 1689 Προτρεπτικῷ,
461 1603 649 1669 Athenaeus
679 1603 776 1670 docet
796 1605 841 1671 IV
863 1608 924 1672 184
946 1607 984 1689 D,
1012 1609 1182 1690 magisque
1210 1610 1311 1672 etiam

189 1715 348 1796 notabile,
372 1712 460 1798 quod
483 1713 524 1777 de
539 1715 685 1779 musicae
707 1715 750 1780 ad
773 1717 873 1781 animi
895 1692 1129 1782 commotiones
1145 1718 1311 1784 sedandas

190 1827 221 1890 vi
244 1825 409 1892 simillime
433 1829 535 1907 atque
549 1825 763 1891 Aristoxenus
779 1825 966 1909 disputasse
980 1834 1138 1893 narratur
1151 1829 1195 1894 ab
1210 1829 1311 1894 Athe·

192 1954 276 2000 uaeo
297 1933 373 1998 XIV
397 1937 457 1998 623
481 1934 514 1998 F.
560 1935 664 2012 Quam
685 1936 769 2000 haec
798 1944 941 2018 cognata
968 1941 1035 2004 sint
1061 1940 1127 2004 illis
1155 1960 1241 2022 quae
1270 1940 1311 2004 de

190 2046 336 2110 musicae
357 2046 391 2108 in
413 2045 520 2129 epulis
542 2047 573 2110 vi
602 2046 732 2111 medica
752 2047 880 2131 profert
906 2049 1112 2133 Athenaeus,
1140 2050 1216 2116 inde
1245 2050 1312 2116 cla-

189 2157 320 2220 rissime
341 2160 490 2239 apparet,
513 2157 601 2240 quod
624 2163 805 2237 combustas
827 2156 959 2224 exhibet
980 2166 1154 2243 utramque
1183 2164 1312 2224 senten-

189 2267 270 2331 tiam
290 2266 353 2331 Dio
375 2265 541 2352 Chrysost.
556 2267 678 2332 XXXII
694 2274 743 2334 57.
765 2269 852 2346 Quid
873 2270 996 2352 igitur?
1024 2269 1311 2337 Chamaeleontem

190 2376 376 2444 Aristoxeni
406 2380 530 2444 serinia
557 2377 754 2463 compilasse
783 2379 954 2444 dicamus?
997 2381 1072 2446 Scio
1101 2400 1180 2444 sane
1208 2379 1311 2444 auda·

193 2489 360 2555 cissimum
387 2489 451 2554 hoc
478 2488 677 2572 quibusdam
703 2491 810 2554 visum
837 2489 894 2572 iri,
924 2490 982 2554 sed
1016 2490 1180 2573 quomodo
1213 2489 1312 2554 aliter

193 2600 339 2683 expediri
371 2601 479 2684 possit
512 2598 594 2666 haec
628 2592 741 2682 ἀπορία
768 2618 834 2663 non
862 2596 1028 2682 intellego;
1062 2602 1091 2665 si
1121 2599 1254 2683 quidem
1275 2599 1311 2663 id

192 2710 413 2774 certissimum
435 2714 499 2792 est,
521 2711 613 2794 ipsas
636 2710 815 2774 sententias
841 2710 1028 2776 Aristoxeni
1056 2712 1208 2795 proprias
1236 2730 1310 2775 esse

190 2819 259 2884 fere
281 2839 403 2884 omues.
447 2817 599 2885 Ceterum
621 2821 737 2904 nequis
760 2820 915 2884 inertium
942 2822 1231 2903 grammaticorum
1260 2823 1310 2905 pi-

191 2932 324 3013 gritiam
352 2932 387 2996 in
412 2931 706 3016 Peripateticorum
734 2952 784 2996 me
810 2937 952 2998 aetatem
978 2930 1159 2998 transferre
1182 2932 1310 3013 clamet,

191 3047 322 3125 reputet
342 3041 448 3125 velim,
475 3041 539 3108 hae
568 3044 641 3126 ipsa
670 3047 778 3108 aetate
800 3041 971 3109 Heraclidi
998 3042 1135 3108 Pontico
1165 3043 1208 3108 ab
1236 3043 1309 3126 ipsc

193 3151 447 3218 chamaeleonte
462 3152 694 3236 exprobratum
709 3173 782 3218 esse
797 3151 919 3219 furtum
933 3153 1118 3220 litteratum
1134 3153 1190 3238 (cf.
1202 3155 1310 3220 Laert.

190 3264 284 3346 Diog.
307 3265 334 3330 V
357 3263 425 3346 92),
450 3262 564 3346 quidni
586 3264 689 3345 igitur
704 3264 891 3330 Aristoxeni
913 3265 1111 3347 quibusdam
1135 3261 1306 3331 sententiis

192 3396 251 3458 pro
273 3396 309 3440 re
331 3379 412 3439 nata
433 3394 529 3439 usum
552 3365 624 3438 esse
647 3372 932 3441 Chamaeleontem
954 3377 1060 3442 conici
1082 3377 1203 3442 liceat?
1224 3411 1268 3425 -

276 3481 315 3548 In
337 3484 505 3569 capitibus
530 3489 578 3548 32.
595 3489 627 3549 et
649 3489 699 3550 33.
723 3506 937 3569 quaecunque
959 3485 1000 3552 de
1022 3488 1141 3552 veteris
1164 3489 1309 3551 musicae

192 3597 412 3679 praestantia,
442 3616 546 3662 novae
576 3596 739 3678 pravitate
767 3579 979 3680 proferuntur
1008 3634 1050 3646 —
1073 3619 1098 3662 c.
1123 3603 1172 3662 32.
1194 3618 1224 3680 p.
1247 3599 1307 3659 632

191 3705 226 3770 Β.
249 3705 283 3772 c.
307 3729 333 3772 ο.
357 3711 397 3772 aa
420 3729 450 3790 p.
472 3709 533 3771 632
556 3704 581 3769 F
602 3741 646 3753 -
667 3710 727 3770 aaa
751 3705 789 3770 A.
819 3704 1042 3793 (ἀκροωμέντς)
1072 3711 1132 3772 636
1155 3706 1182 3770 Β
1209 3705 1309 3790 (συνέ-

194 3815 277 3897 βαινε
306 3819 385 3896 κτλ.)
412 3853 455 3865 -
477 3815 514 3881 E.
550 3814 619 3901 (τὴν
651 3813 776 3900 πάτριον
805 3817 946 3904 μυσικήν)
977 3856 1027 3900 -,
1056 3817 1197 3884 fortasse
1231 3820 1310 3885 item

191 3925 387 3993 Aristoxeno
414 3926 583 3993 debentur.
627 3925 717 3991 Nihil
739 3929 825 3994 enim
846 3930 881 3993 in
902 3928 954 3994 his
976 3931 1063 3995 inest
1084 3928 1172 4013 quod
1194 3933 1310 3993 eontra

192 4035 277 4101 hanc
300 4039 484 4121 opinionem
512 4037 636 4119 valeat3
666 4044 784 4104 contra
806 4040 902 4106 decet
923 4042 1160 4123 Aristoxenum,
1189 4040 1310 4126 Pytha-

192 4167 291 4228 gorae
320 4145 499 4232 βιογράφον,
528 4150 675 4214 musicae
704 4149 942 4234 Pythagoricae
968 4152 1042 4218 laus
1071 4176 1102 4236 p.
1132 4155 1193 4218 632
1223 4149 1309 4235 BsG,

192 4278 276 4342 quae
298 4258 386 4322 redit
412 4261 546 4342 insuper
574 4261 609 4324 in
630 4260 746 4324 ultimo
768 4259 958 4326 Plutarchei
986 4262 1027 4327 de
1048 4262 1176 4328 musica
1204 4260 1310 4327 libelli

193 4367 311 4452 capite.
346 4367 390 4432 Et
412 4390 497 4452 quae
519 4371 560 4437 de
581 4372 835 4454 prisca'musiea
857 4373 1072 4438 restauranda
1089 4374 1198 4459 jactat
1212 4374 1310 4439 Athe·
