3344 5126
355 801 358 808 .
424 751 487 817 Sed
512 751 581 832 jam
605 749 854 815 subsistendum
885 755 952 814 est:
984 770 1043 830 ego
1067 751 1161 830 enim,
1185 748 1316 831 quibus,
1344 767 1458 812 revera

336 863 442 928 Jubae
470 882 544 926 esse
574 859 768 926 theatralem
790 859 964 926 historiam
998 880 1096 942 quam
1120 860 1272 924 certatim
1302 857 1459 940 compila-

338 973 445 1038 verint
460 971 621 1054 Didymus
637 970 754 1037 Pollux
768 969 968 1046 Athenaeus,
983 968 1212 1034 dubitantibus
1230 967 1458 1053 persuadeam,

333 1085 402 1166 jam
417 1104 483 1147 non
506 1082 647 1165 amplius
670 1079 774 1146 habeo
798 1088 1008 1163 argumenta3
1031 1086 1064 1144 et
1087 1102 1146 1162 ego
1169 1078 1302 1162 quidem
1323 1079 1356 1141 in
1381 1078 1459 1142 sub·

338 1193 498 1259 sidiorum
521 1190 701 1272 exiguitate
731 1189 916 1274 harumque
939 1190 1083 1257 omniurn
1114 1189 1154 1254 de
1181 1189 1329 1254 fontibus
1359 1208 1459 1272 quae-

339 1303 484 1368 stionum
501 1300 706 1367 obscuritate
723 1321 807 1385 quae
823 1302 955 1384 possint
978 1299 1147 1383 expectari
1162 1299 1305 1363 clariora
1321 1299 1457 1380 vestigia

337 1413 459 1478 nescio.
505 1411 579 1474 Jam
608 1431 684 1474 vero
715 1408 772 1492 qui
794 1409 827 1472 in
849 1409 1080 1476 instrumentis
1104 1409 1240 1474 musicis
1263 1411 1364 1492 inque
1394 1409 1458 1473 sal-

337 1524 503 1588 tationum
519 1521 695 1604 generibus
712 1521 938 1586 describendis
960 1527 1071 1586 iubam
1095 1542 1115 1584 a
1131 1520 1263 1586 Polluce
1279 1520 1457 1604 expilatum

340 1655 414 1698 esse
443 1633 652 1706 concesserit,
677 1631 704 1693 is
727 1631 760 1692 in
783 1628 919 1711 reliquis
943 1652 1075 1713 quoque
1100 1651 1209 1694 rerum
1234 1631 1457 1695 scaenicorum

335 1741 514 1826 provinciis
540 1741 678 1804 eundem
695 1739 811 1804 ducem
828 1760 906 1802 sane
929 1741 1202 1823 peritissimuma
1226 1740 1377 1825 sophista
1400 1763 1458 1806 no·

337 1860 409 1918 stro
432 1849 617 1916 adhibitum
640 1869 714 1914 esse
735 1849 875 1914 libenter
897 1849 1063 1931 largietur.
1105 1849 1188 1914 Nam
1200 1851 1363 1934 probandi
1385 1851 1458 1935 qui-

337 1962 410 2026 dem
440 1961 472 2023 in
497 1960 546 2023 his
569 1959 706 2042 reliquis
729 1959 884 2042 partibus
908 1960 1055 2024 rationes
1072 1959 1210 2025 deficere
1234 1961 1367 2044 saepius
1387 1961 1457 2042 jam

336 2074 456 2136 monui.
502 2069 565 2133 Sed
596 2067 737 2133 sufficiet
759 2069 904 2134 fortasse
927 2069 968 2132 ad
992 2069 1079 2134 hanc
1102 2071 1330 2153 quaestionem
1353 2092 1457 2154 quan-

335 2187 406 2245 tum
435 2179 506 2245 fieri
535 2180 645 2262 possit
679 2178 923 2261 dijudicandam
947 2181 1143 2260 meminisse,
1174 2181 1264 2264 quod
1294 2181 1457 2247 obiciendi

334 2291 411 2356 libri
435 2296 468 2354 et
483 2289 742 2356 commodissimi
758 2295 791 2353 et
804 2289 972 2354 utilissimi
986 2311 1065 2354 sana
1088 2290 1175 2355 ratio
1193 2291 1245 2356 vix
1264 2291 1389 2375 poterit
1405 2312 1457 2356 cx-

335 2401 483 2482 cogitari.
538 2399 660 2464 Verum
690 2398 822 2483 quidem
852 2407 919 2466 est:
950 2422 989 2464 ne
1015 2400 1049 2463 id
1067 2399 1199 2484 quidem
1230 2400 1276 2464 eis
1307 2399 1365 2484 qui
1393 2400 1457 2464 nisi

332 2510 466 2576 disertis
495 2509 694 2577 testimoniis
724 2509 804 2574 nihil
834 2511 1033 2576 credendum
1064 2533 1137 2577 csse
1163 2513 1293 2593 jactent
1321 2511 1455 2596 probari

333 2626 455 2704 potest,
485 2619 617 2684 aluba
647 2643 758 2686 omnes
788 2621 974 2703 descriptas
1003 2619 1107 2686 fuisse
1138 2621 1267 2706 amplae
1297 2622 1455 2687 materiae

332 2735 457 2813 partes.
507 2727 571 2793 Sed
601 2731 833 2814 septemdecim
863 2731 912 2796 vel
939 2733 1052 2816 plures
1081 2731 1163 2799 adeo
1192 2732 1297 2800 libros
1326 2733 1384 2820 qui
1406 2733 1453 2798 rei

333 2838 533 2904 histrionice
551 2838 750 2916 destinabat,
775 2862 890 2906 eumne
913 2843 1085 2908 credemus
1107 2843 1141 2905 in
1165 2843 1296 2925 organis
1319 2842 1455 2907 musicis

335 2948 637 3032 saltationibusque
659 2951 875 3016 substitisse?
897 2951 1000 3018 Immo
1024 2953 1091 3017 noli
1111 2953 1264 3018 dubitare
1287 2953 1366 3036 quin
1389 2952 1455 3016 illis

333 3057 433 3135 rebus
464 3059 628 3124 absolutis
651 3060 694 3123 ad
724 3060 807 3126 alias
830 3069 945 3144 partes
968 3063 1150 3145 perrexerit
1172 3069 1328 3129 accurate
1361 3084 1456 3128 enar-

336 3169 470 3234 randas.
508 3169 553 3232 Et
570 3168 609 3232 de
624 3175 823 3234 histrionibus
838 3170 972 3253 quidem
986 3171 1080 3238 illum
1096 3173 1204 3255 egisse
1219 3173 1358 3255 probari
1373 3173 1456 3238 adeo

336 3278 364 3344 si
392 3300 477 3362 opus
507 3285 558 3342 est
585 3280 723 3362 poterit3
746 3302 821 3345 nam
838 3281 877 3344 de
900 3281 964 3345 illis
989 3281 1099 3362 agitur
1126 3281 1161 3345 in
1191 3282 1365 3365 scriptoris
1396 3282 1456 3347 ali-

335 3389 432 3472 cujus
446 3389 630 3470 fragmento
655 3412 752 3472 quem
774 3389 825 3454 τὸν
846 3393 899 3460 τὰς
913 3390 1076 3474 θεατρικὰς
1093 3389 1225 3475 ἱστορίας
1242 3391 1457 3478 cog-(polonum

246 3536 247 3540 =
341 3507 439 3564 vocat
455 3499 554 3565 schol.
578 3501 745 3566 Demosth.
761 3501 781 3567 f.
800 3500 859 3581 leg.
872 3523 903 3582 p.
923 3507 978 3566 151
998 3499 1143 3586 Dobe.¹):
1160 3524 1257 3585 quem
1274 3504 1353 3584 quin
1368 3509 1456 3568 recte

334 3617 444 3677 Jobom
475 3633 549 3676 esse
577 3611 755 3694 conjecerit
778 3617 948 3676 Mainalius
972 3610 1046 3676 hist.
1070 3612 1144 3676 crit.
1174 3635 1254 3680 com.
1284 3635 1315 3696 p.
1348 3621 1385 3678 15
1411 3636 1458 3698 sq.

336 3721 411 3804 quis
434 3721 622 3787 dubitabit?
646 3721 692 3784 De
702 3728 847 3802 personis
871 3742 1003 3805 quoque
1025 3721 1116 3785 illum
1133 3723 1239 3804 egisse
1262 3729 1300 3787 ut
1321 3725 1457 3807 probem

334 3830 433 3915 periti
451 3830 582 3913 judices
605 3853 645 3895 ne
667 3838 806 3913 poscent
828 3831 974 3915 quidem3
999 3853 1066 3913 qua
1089 3833 1122 3896 in
1154 3853 1188 3897 re
1217 3834 1361 3900 fortasse
1385 3835 1457 3897 Ari·

338 3939 521 4024 stephanis·
543 3939 693 4023 Byzantii
729 3941 768 4004 de
800 3941 952 4024 personis
983 3941 1142 4007 scaenicis
1172 3945 1458 4020 commentatione,

336 4050 438 4116 lexico
456 4057 494 4115 ut
510 4049 803 4136 videturinserta2)
816 4075 898 4118 usus
914 4060 974 4118 est.
997 4052 1080 4116 Nam
1097 4053 1187 4138 quod
1203 4054 1335 4120 unicum
1353 4060 1461 4120 restat

408 4205 432 4269 1)
453 4205 508 4259 vol.
527 4204 541 4256 I
559 4221 585 4270 p.
604 4207 663 4269 435,
683 4205 715 4256 28
734 4203 774 4259 ed.
792 4204 886 4260 Dindi.
906 4205 1005 4275 (Oxou.
1027 4207 1110 4271 ¹851.)

407 4289 434 4358 2)
454 4289 488 4342 cf.
508 4289 610 4342 Ncuclr.
629 4290 676 4343 Ar.
695 4289 726 4342 B.
745 4304 771 4357 p.
791 4293 831 4342 io.
849 4293 908 4344 not.
