3344 5126
904 389 943 448 Ic

364 589 465 633 naeus
480 593 509 652 p.
528 573 588 635 633
605 569 641 650 E,
658 590 698 634 ea
720 570 864 634 ridicula
887 578 971 650 sunt,
996 573 1024 634 si
1046 571 1087 634 de
1102 572 1175 654 ipsa
1191 570 1353 634 Athenaei
1375 575 1483 635 aetate

363 678 603 760 intellegantur,
627 680 684 743 sed
707 681 836 762 egregie
860 674 1063 745 conveniunt
1077 680 1111 742 in
1135 681 1320 744 Aristoxeni
1342 701 1398 761 ca,
1428 684 1484 763 qui

363 788 404 854 de
427 793 584 873 corrupte
606 795 678 854 arte
701 790 877 855 lamentari
899 793 1062 856 nonsatis
1085 779 1244 869 habebut,
1270 791 1327 854 sed
1350 791 1484 874 θηλυνο-

350 893 457 982 ’μένην
478 897 538 982 ἤδη
562 897 615 981 τὴν
631 899 757 982 μυσικὴν
779 901 920 985 ἐπειρᾶτο
944 899 1178 984 ἀναῤῥωννύναι,
1201 905 1285 965 teste
1301 900 1483 964 Themistio

362 1015 445 1074 orat.
459 1008 598 1073 XXXIII
620 1033 650 1092 p.
666 1015 728 1076 364
751 995 870 1076 ilerd:
893 1011 1082 1076 Athenaeus
1098 1013 1199 1094 igitur
1222 1011 1280 1074 iIIa
1302 1032 1341 1075 ex
1355 1011 1483 1076 Aristo-

361 1139 463 1183 xeneo
486 1124 632 1202 tempore
655 1121 687 1183 in
711 1141 807 1186 suum
830 1142 944 1186 secure
973 1122 1158 1202 transtulit3
1189 1143 1287 1203 quam
1316 1141 1389 1186 esse
1418 1121 1483 1184 fre-

363 1231 611 1313 quentissimam
639 1231 889 1313 compilatorum
918 1232 1157 1313 neglegentiam
1184 1252 1278 1297 nemo
1301 1231 1407 1296 nescit
1428 1232 1482 1315 (ol.

363 1346 547 1405 ltitsehcb'as
570 1359 681 1424 opusc.
703 1339 720 1402 I
742 1345 802 1405 617
826 1342 881 1426 [de
905 1342 957 1406 Or.
979 1365 1009 1426 p.
1034 1341 1114 1426 33.]‚
1136 1345 1280 1405 Leatzr'as
1303 1341 1483 1406 IIerodiani

361 1452 419 1517 rel.
435 1452 460 1517 I.
475 1475 505 1535 p.
523 1449 659 1516 CXLVI.
676 1455 871 1514 Nietzsehius
885 1471 968 1515 mus
983 1448 1116 1516 rhenan.
1131 1449 1236 1514 XXIV
1255 1457 1333 1517 1869
1349 1474 1379 1535 p.
1395 1453 1482 1536 2011.)

362 1601 403 1610 -
426 1562 487 1625 His
508 1562 657 1644 reliquiis
683 1560 909 1626 Aristoxeneis
931 1563 1002 1644 ipse
1019 1560 1207 1625 Athenaeus
1230 1562 1296 1626 alia
1319 1561 1483 1643 quaedam

360 1674 493 1740 videtur
515 1672 711 1746 inseruisse;
733 1691 847 1755 nempe
870 1692 942 1735 eam
965 1692 1063 1752 quam
1085 1694 1116 1755 p.
1132 1675 1193 1736 632
1216 1671 1244 1734 D
1267 1674 1421 1756 proponit
1443 1673 1483 1736 de

362 1785 513 1850 versibus
530 1780 697 1865 acephalis
718 1781 843 1862 legaris
859 1783 973 1846 miuris
990 1781 1073 1864 (sive
1089 1801 1220 1866 myuros
1235 1781 1359 1846 rectius
1375 1782 1483 1862 dicas;

364 1919 392 1963 v.
409 1897 583 1960 Meineln'as
598 1891 682 1957 anal.
707 1912 752 1956 cr.
774 1894 809 1956 In
823 1892 898 1955 Ath.
913 1913 943 1974 p.
961 1891 1038 1977 304)
1062 1889 1333 1971 observationem,
1355 1891 1482 1957 Aristo-

360 2027 462 2073 xeneo
486 2025 565 2070 aevo
587 2003 690 2068 multo
712 2001 828 2084 procul
857 2001 958 2066 dubio
986 2003 1247 2082 recentiorem),
1271 2007 1303 2066 et
1324 2002 1481 2068 Demetrii

364 2117 511 2202 Byzantii
542 2112 883 2181 commemorationem
911 2111 956 2196 (p.
981 2117 1041 2178 633
1064 2112 1157 2197 Asa)
1185 2112 1482 2178 narratiunculam-

362 2250 425 2312 que
452 2250 491 2294 ex
519 2226 656 2291 Dinonis
687 2221 830 2289 Persicis
865 2228 1053 2307 excerptam
1085 2225 1129 2308 (p.
1155 2229 1215 2290 633
1238 2224 1351 2310 nse),
1378 2226 1481 2290 totius

362 2341 521 2406 sermonis
542 2337 649 2402 tenori
671 2335 897 2417 intempestive
919 2336 1143 2418 interpositas.
1166 2371 1210 2384 -

445 2449 520 2515 Jam
544 2467 628 2531 quae
656 2446 690 2509 in
719 2446 827 2527 oapibe
855 2449 910 2526 34,
941 2465 1089 2509 sermone
1118 2446 1227 2510 subito
1261 2450 1402 2524 mutato,
1440 2445 1479 2510 de

361 2566 510 2625 sambuca
544 2561 740 2635 narrantur,
770 2560 871 2620 labae
900 2555 1014 2620 deberi
1044 2556 1187 2637 conicio,
1222 2575 1318 2636 quem
1348 2556 1388 2620 de
1417 2556 1479 2620 hoc

362 2693 486 2755 organo
509 2671 698 2752 disputasse
719 2666 906 2730 Athenaeus
928 2666 1000 2747 ipse
1022 2665 1067 2730 IV
1093 2664 1196 2731 lIbD
1220 2663 1479 2747 significaveram

362 2775 402 2841 cf.
424 2776 565 2861 Ilesyoh.
589 2799 613 2842 s.
634 2801 661 2844 v.
705 2777 755 2841 Ex
776 2777 891 2841 eodem
912 2775 1033 2846 hausta
1062 2797 1133 2841 esse
1163 2795 1247 2858 quae
1276 2774 1317 2838 de
1345 2775 1479 2857 Troglo-

245 2951 250 2966 .
363 2885 449 2970 dytis
471 2889 583 2955 nescio
607 2890 701 2953 cuius
716 2885 925 2953 instrumenti
940 2886 1166 2952 inventoribus
1182 2885 1236 2950 hic
1252 2883 1405 2966 legantur
1436 2886 1478 2950 ab

361 2995 529 3062 Athenaeo
559 3018 732 3082 perperam
768 2995 949 3078 intellecta,
988 3017 1089 3080 supra
1122 2996 1233 3062 monui
1261 2996 1305 3079 (p.
1334 3002 1372 3061 27
1405 2999 1477 3080 sq.).

359 3103 453 3172 Unde
483 3130 522 3173 ea
552 3110 730 3193 sumpserit
757 3107 946 3173 Athenaeus
980 3127 1064 3189 quae
1093 3109 1127 3172 in
1160 3107 1275 3173 eodem
1303 3107 1411 3188 capite
1439 3106 1479 3170 de

360 3217 519 3283 sambuca
533 3219 686 3284 machina
701 3217 822 3283 bellica
837 3217 933 3282 docet
954 3239 993 3284 ex
1008 3217 1123 3283 Bitone
1145 3218 1199 3301 (cl.
1215 3237 1302 3282 nunc
1324 3221 1481 3281 Wescheri

359 3343 365 3349 ’
382 3345 561 3357 --ω--ξ

429 3413 453 3480 1)
472 3411 587 3477 Quando
606 3412 780 3482 excogitatae
799 3411 856 3465 sint
879 3410 914 3464 ab
931 3411 1020 3465 otioso
1045 3411 1138 3481 aliquo
1161 3411 1343 3480 grammatico
1366 3411 1432 3465 iIIae
1456 3410 1479 3464 si

359 3493 402 3548 dis
414 3496 505 3564 placet
518 3497 672 3567 elegantiae
685 3514 779 3551 versus
797 3495 911 3560 heroici,
930 3495 1030 3548 nescio.
1062 3496 1192 3550 Nondum
1211 3494 1364 3550 innotuisse
1382 3495 1477 3549 viden-

357 3583 404 3634 tur
420 3581 587 3637 scholiorum
606 3584 633 3637 in
652 3582 770 3638 Iliadem
788 3582 956 3635 Venetorum
981 3578 1005 3632 A
1028 3579 1200 3642 auctoritem
1223 3583 1305 3633 notae
1329 3585 1394 3635 sunt
1417 3595 1477 3632 cum

357 3664 505 3720 Eustothm
523 3671 582 3722 tum
600 3666 800 3722 recentioribus
824 3665 937 3720 scholiis
961 3661 1116 3716 Homericis
1142 3663 1238 3726 (veluti
1261 3664 1365 3720 Victor.
1390 3664 1424 3718 ad
1448 3661 1475 3716 111

358 3752 428 3816 1113).
463 3750 540 3805 Inter
557 3752 695 3806 Romanos
713 3751 817 3819 primns
836 3751 947 3804 novisse
966 3747 1077 3802 videtur
1094 3746 1210 3801 Caesius
1228 3749 1331 3802 Bassus
1351 3750 1396 3815 (cl.
1416 3751 1477 3802 Lae.

358 3835 471 3888 Mueller
488 3835 522 3890 de
540 3853 569 3890 re
587 3839 667 3890 metr.
686 3851 714 3903 p.
730 3837 807 3903 111),
826 3835 901 3889 inter
914 3833 1034 3888 Graecos
1054 3837 1135 3886 notas
1152 3832 1239 3887 foisse
1259 3837 1375 3902 apparet
1389 3835 1477 3886 Hello-

359 3921 435 3984 dero,
454 3937 534 3988 quem
554 3920 650 3974 eodem
668 3919 724 3973 fere
738 3935 769 3972 ac
784 3919 900 3972 Bassum
914 3920 1038 3988 tempore
1056 3917 1157 3972 vixisse
1171 3918 1311 3986 persuasit
1329 3917 1397 3971 mibi
1418 3919 1476 3986 Lip-

357 4006 413 4056 sius
431 4004 524 4061 annal.
541 4003 609 4074 phil.
634 4003 747 4058 LXXXI
767 4006 817 4058 313
836 4021 876 4072 sq.
918 4005 989 4056 Nam
1003 4019 1085 4072 quam
1098 4001 1263 4058 Heliodorus
1280 4002 1385 4070 prolert
1402 4001 1477 4054 illius

358 4088 497 4143 clausulae
516 4089 607 4142 αἴολον
627 4089 686 4161 ὅφιν
704 4090 875 4144 verissimam
896 4089 1040 4158 dependas
1065 4087 1157 4156 (apud.
1177 4087 1263 4140 schol.
1280 4085 1434 4154 Hephaest.
1453 4103 1476 4139 c.

360 4177 387 4225 11
409 4191 436 4242 p.
458 4177 504 4226 131
524 4173 612 4229 Gaisf.
633 4175 687 4244 [ed.
706 4175 781 4243 Lips.
803 4174 893 4240 1331];
913 4172 947 4226 cl.
966 4171 1094 4224 Eustath.
1113 4171 1147 4224 cd
1162 4167 1188 4222 hl
1204 4172 1265 4234 no&
1291 4170 1390 4238 quibus
1407 4169 1476 4224 locis

357 4257 399 4310 nti
417 4257 537 4312 debebat
556 4260 622 4312 Gall.
643 4261 793 4312 Rosclreras
811 4244 851 4310 de’
863 4256 944 4324 aspir.
959 4256 1033 4324 vulg.
1052 4273 1085 4324 ap
1108 4255 1155 4308 Gr.
1169 4271 1195 4324 p.
1215 4255 1267 4322 311),
1286 4271 1319 4306 ea
1334 4253 1391 4322 jam
1411 4257 1475 4309 ante

358 4341 537 4397 Heliodorum
555 4343 641 4396 luisse
660 4343 839 4406 demonstrat,
858 4342 905 4410 qui
924 4342 957 4396 de
976 4339 1062 4410 ἐνδείᾳ
1083 4339 1247 4408 cogitarent.
