3344 5126
923 429 963 489 20

383 610 631 695 praeoptavisse
652 609 847 690 meminerit,
866 610 908 674 de
930 610 1041 694 priore
1063 611 1161 676 facile
1182 611 1310 677 ratione
1333 608 1505 694 cogitabit.

384 719 448 786 Sed
483 740 599 785 vereor
632 740 674 785 ne
709 719 853 785 fallatur.
915 718 1111 802 Quanquam
1147 721 1233 787 enim
1268 720 1334 804 ipsi
1370 720 1507 800 Polluci,

383 830 441 912 qui
462 830 497 894 in
517 829 791 914 praefatiunculis
814 836 972 912 quantum
1004 831 1245 915 consumpserit
1266 831 1300 897 in
1322 851 1421 915 opere
1445 851 1504 894 suo

383 938 554 1005 condendo
574 939 700 1004 laboris
716 940 801 1005 solet
817 941 964 1025 jactare,
986 941 1087 1007 nolim
1109 941 1243 1006 nimiam
1258 939 1356 1006 fidem
1371 939 1503 1020 haberi,

381 1069 447 1113 non
468 1049 565 1114 unius
587 1055 698 1114 tamen
719 1049 829 1134 operis
853 1049 1016 1133 epitomen
1037 1070 1098 1115 nus
1121 1056 1233 1116 tenere
1255 1050 1333 1114 hino
1355 1057 1503 1135 apparet,

383 1158 471 1242 quod
493 1158 676 1242 permultae
698 1179 752 1224 res
768 1159 896 1225 duobus
918 1159 1003 1225 locis
1025 1159 1237 1241 exhibentur3
1260 1165 1292 1224 et
1306 1159 1356 1224 ita
1371 1159 1504 1242 quidem

384 1270 490 1335 solent
512 1269 618 1334 altero
639 1268 714 1333 loco
736 1267 858 1351 induci,
881 1269 978 1352 quasi
1000 1289 1167 1352 nunquam
1189 1275 1286 1335 antea
1309 1289 1503 1336 commemo·

382 1386 475 1446 ratae
502 1380 633 1445 inerint.
679 1377 732 1444 Ita
758 1384 853 1460 panis
879 1379 1118 1446 nominationes
1146 1378 1306 1445 et1248
1335 1385 1368 1444 et
1389 1378 1433 1444 VI
1462 1385 1502 1445 32

381 1494 607 1569 recensentur;
638 1496 733 1553 uicini
761 1488 892 1570 quibus·
911 1486 1119 1573 appellentur
1144 1487 1282 1553 vocibus
1313 1494 1346 1553 et
1374 1488 1419 1554 VI
1443 1489 1502 1554 113

385 1603 418 1662 et
438 1598 485 1663 IX
506 1603 546 1664 37
570 1598 742 1679 docemur;
766 1599 893 1664 iurare
915 1605 1047 1664 colendo
1069 1617 1155 1681 quae
1179 1619 1240 1664 nsn
1254 1598 1388 1664 veniant
1408 1618 1504 1664 voca-

383 1706 462 1771 bula
483 1706 621 1790 legimus
644 1707 741 1771 1221
767 1729 830 1791 sq.:
855 1709 970 1774 eadem
992 1708 1061 1773 fere
1087 1713 1283 1791 repetuntur
1305 1706 1350 1772 VI
1374 1712 1435 1773 140
1457 1729 1505 1791 sq.

385 1815 468 1880 Sunt
489 1815 572 1880 haec
594 1837 702 1901 pauca
725 1837 764 1881 ex
778 1819 890 1883 multis
905 1819 1068 1902 exempla;
1093 1815 1254 1883 eiusmodi
1269 1823 1379 1882 autem
1394 1817 1504 1900 negle-

382 1926 527 2007 gentiam
548 1926 582 1990 in
605 1947 643 1991 eo
665 1931 794 1991 tantum
817 1927 979 2011 scriptore
1000 1927 1147 2010 intellegi
1168 1947 1266 2012 posse
1289 1945 1423 2008 censeo,
1445 1928 1502 2010 qui

383 2056 422 2099 ex
443 2035 545 2100 uariis
567 2037 733 2101 rariorum
754 2041 927 2102 anctorum
948 2037 1045 2104 libris
1068 2058 1150 2121 opus
1173 2058 1269 2103 suum
1289 2038 1397 2120 longis
1418 2044 1501 2103 tem-

383 2166 501 2228 porum
521 2145 703 2212 intervallis
725 2145 888 2230 compilet.
930 2146 1006 2213 Jam
1027 2167 1105 2212 vero
1126 2151 1258 2230 poterat
1285 2153 1319 2212 et
1340 2167 1380 2212 ex
1400 2147 1502 2213 variis

384 2262 583 2320 onomaslieis
604 2262 638 2320 et
659 2276 698 2322 ex
719 2255 820 2342 variis
844 2255 884 2320 de
907 2255 1046 2338 singulis
1068 2257 1169 2322 rebus
1197 2261 1503 2324 commentationem

383 2363 661 2430 onomasticorum
681 2366 717 2430 in
738 2364 870 2430 modum
891 2364 1055 2431 institutis
1074 2401 1118 2415 -
1132 2365 1246 2449 quales
1268 2372 1438 2431 enumerat
1460 2372 1502 2432 M.

385 2481 574 2542 Sebmido‘us
603 2481 731 2557 quaest.
760 2475 901 2560 Hesyeh.
923 2497 953 2559 p.
975 2473 1112 2542 CLXXL
1134 2496 1165 2557 p.
1189 2475 1345 2542 CLXXVI
1368 2495 1438 2558 sqq.
1461 2513 1503 2524 -

383 2606 466 2671 opus
489 2606 584 2651 suum
607 2605 811 2670 componere.
853 2591 995 2664 erresque
1015 2585 1145 2651 videtur
1167 2605 1246 2651 usus
1269 2605 1351 2651 esse.
1360 2588 1383 2671 ¹)
1420 2583 1504 2649 Nam

452 2841 475 2904 l)
504 2835 545 2891 Ex
567 2837 732 2908 ὀψοποιικῶν
761 2841 974 2908 συγγραμμάτων
1009 2842 1153 2894 auctorum
1180 2837 1304 2892 indiculo
1332 2837 1372 2892 vl
1396 2841 1438 2893 lt).
1469 2840 1496 2890 ll

381 2922 440 2978 noli
463 2925 610 2992 quicquam
629 2921 802 2976 concludere.
839 2920 910 2976 Nam
932 2939 994 2977 eum
1016 2938 1129 2992 prorsus
1157 2921 1306 2990 singularis
1330 2921 1369 2976 sit
1391 2920 1419 2974 iu
1442 2922 1505 2974 toto

379 3007 492 3062 Polluce
516 3006 583 3061 haec
613 3003 788 3060 intestibus
820 3007 967 3062 evocandis
991 3006 1124 3068 luxuries,
1154 3011 1184 3060 et
1208 3007 1332 3062 offendat
1360 3008 1505 3074 praeterea

382 3090 470 3160 ipsius
486 3090 588 3145 iudicis
606 3088 764 3154 collocatio,
782 3106 870 3160 neque
889 3093 918 3148 in
935 3092 989 3147 fine
1006 3091 1093 3147 totius
1118 3091 1152 3146 de
1170 3090 1355 3146 condimentis
1378 3091 1503 3161 disputa·

384 3173 470 3228 tionis
487 3173 575 3245 positi
598 3173 731 3243 usquein
756 3175 863 3244 eapite,
892 3179 940 3232 sed
969 3176 1075 3230 mediae
1099 3176 1324 3230 commentationi
1352 3175 1502 3244 interjecti,

381 3259 475 3313 nescio
494 3275 529 3312 au
546 3274 601 3311 uon
614 3258 688 3312 docti
707 3258 824 3314 alieuius
842 3259 1050 3327 interpolatoris
1062 3277 1174 3316 manum
1192 3260 1237 3314 hic
1250 3260 1502 3329 deprehendamns3

381 3342 457 3412 quali
470 3343 554 3398 etiam
572 3342 660 3397 Jubae
677 3344 769 3396 locum
783 3343 922 3408 debemus,
941 3345 970 3399 in
988 3344 1130 3399 codicibus
1142 3343 1338 3412 Antverpiensi
1351 3343 1502 3397 vossiano·

383 3441 434 3495 que
453 3428 482 3479 et
499 3425 629 3482 Palatino
646 3425 713 3480 libri
730 3427 754 3481 V
772 3430 947 3498 paragrapho
959 3430 991 3481 88
1006 3431 1140 3483 assutum.
1177 3429 1232 3482 Sed
1249 3428 1305 3489 iac,
1323 3428 1413 3497 ipsum
1430 3429 1503 3482 huuc

380 3507 501 3563 iudicem
519 3509 672 3564 confecisse
685 3511 839 3575 Pollucem
858 3513 962 3580 legisse
979 3514 1073 3566 tumen
1092 3529 1126 3568 ue
1146 3529 1207 3568 eum
1227 3513 1337 3581 quidem
1355 3511 1401 3565 rel
1419 3527 1503 3565 unum

380 3593 477 3647 horum
500 3592 665 3662 scriptorum
689 3596 747 3649 reri
772 3598 816 3651 est
840 3594 1020 3650 simillimum.
1065 3596 1188 3651 Primum
1212 3595 1341 3666 Zopyriui
1365 3595 1503 3664 Sophouis

381 3676 548 3746 Tyndarichi
569 3677 766 3734 Simonactidis
785 3679 896 3734 nomina
915 3696 947 3735 ex
966 3678 1082 3734 Batonis
1100 3678 1263 3749 Εὐεργέταις
1287 3676 1447 3746 exscripsit:
1466 3677 1502 3732 ci.

383 3759 484 3814 Athen.
502 3759 566 3814 XIV
586 3765 636 3815 662
656 3759 686 3821 0.
703 3763 738 3818 D.
774 3763 828 3818 Sed
847 3768 953 3820 ceteros
971 3780 1079 3832 qnoque
1098 3762 1248 3832 scriptores
1267 3761 1331 3832 quin
1356 3777 1388 3816 ex
1405 3761 1502 3816 eodem

380 3845 574 3898 tautummodo
598 3850 712 3902 anctore
736 3847 846 3902 noverit
862 3848 907 3902 cui
926 3849 1011 3902 etiam
1029 3846 1145 3900 Batonis
1161 3862 1288 3900 versuum
1308 3844 1437 3899 notitiam
1456 3844 1503 3899 de-

382 3928 456 3993 beat,
475 3943 528 3981 non
548 3927 691 3983 dubitabit
711 3930 871 4000 quicunqne.
884 3931 1024 4000 egregiam
1042 3932 1103 3986 Did.
1143 3931 1299 3984 Vollmarm'
1315 3931 1347 3984 de
1367 3929 1505 3984 similibus

382 4013 457 4081 apud
475 4012 545 4067 alios
563 4013 760 4080 compilatores
778 4013 907 4068 indiculis
919 4014 1179 4070 commentationem
1199 4014 1301 4084 legerit
1318 4012 1416 4083 (symb.
1433 4012 1504 4082 phil.

381 4096 469 4153 Bonn.
478 4096 545 4152 fasc.
553 4095 604 4162 II).
621 4097 679 4152 Aut
691 4096 777 4166 igitur
788 4096 836 4151 ille
844 4100 942 4152 auctor
953 4097 1038 4154 talem
1050 4099 1110 4169 ipse
1122 4097 1242 4154 indicem
1255 4097 1358 4154 alieubi
1370 4096 1503 4160 exhibuit,

383 4184 439 4244 aut,
457 4179 485 4234 id
505 4179 578 4250 quod
597 4180 693 4234 malim
712 4179 837 4245 credere,
855 4197 888 4235 ex
904 4181 987 4235 variis
1006 4182 1144 4236 variorum
1162 4181 1195 4236 de
1213 4180 1397 4236 condimentis
1416 4182 1502 4249 scrip-

382 4264 473 4318 torum
492 4263 663 4319 testimoniis
680 4263 709 4318 iu
728 4263 850 4318 eiusdem
868 4264 946 4319 illius
965 4265 1086 4320 auctoris
1103 4265 1174 4319 libro
1198 4263 1332 4335 dispersis
1355 4263 1425 4318 hauc
1449 4264 1504 4318 sibi

383 4345 508 4402 tabulam
528 4349 649 4404 coniecit
665 4348 772 4403 Pollux.
808 4346 936 4403 Ceterum
962 4348 991 4402 in
1009 4349 1199 4421 ὀψαρτυτικῶν
1218 4349 1389 4419 συγγραφέων
1409 4346 1502 4402 indice
