3344 5126
895 396 935 458 78

358 577 433 642 ἰΙΙοο
458 577 561 644 libros
584 576 747 642 inciderit.
779 576 889 654 Quare
904 577 1003 662 plane
1025 579 1217 647 abhorrete
1231 577 1477 663 probabilitate,

356 689 398 754 ab
428 709 483 770 eo,
515 689 567 754 cui
603 687 724 755 Suidas
755 710 816 756 sua
845 689 942 756 debet
964 697 1118 772 auctore,
1150 712 1189 756 ex
1209 690 1285 774 ipso
1314 685 1474 753 Neanthis

358 820 457 884 opere
486 799 682 864 extricatam
713 820 787 866 esse
814 799 899 866 hanc
930 800 1130 884 singularem
1153 799 1193 865 de
1215 799 1315 884 Ibycc
1337 799 1475 864 adnota-

356 908 554 976 tiunculam:
584 909 682 975 immo
712 911 822 978 omnia
850 931 888 977 eo
919 911 1054 992 faciunt,
1085 917 1123 977 ut
1153 931 1192 976 ex
1212 916 1293 974 Iuba
1314 915 1355 975 ut
1376 905 1475 974 Athe-

357 1039 475 1085 naeum
503 1019 552 1084 ita
581 1019 673 1085 illum
704 1041 837 1106 quoque
866 1022 1061 1106 scriptorem
1084 1020 1164 1087 hacc
1186 1018 1392 1103 excerpsisse
1414 1039 1476 1101 pu·

359 1135 475 1196 temus.
520 1129 588 1194 Nec
610 1130 752 1197 multum
773 1131 930 1215 ponderis
952 1132 987 1195 in
1010 1129 1073 1197 hoc
1095 1151 1261 1199 consensu
1291 1130 1401 1208 inesse
1427 1127 1475 1190 di-

358 1265 471 1324 cerem,
495 1242 523 1309 si
545 1241 646 1325 Ibyco
670 1240 847 1307 sambucae
867 1242 1090 1308 inventionem
1112 1264 1178 1309 uno
1202 1263 1258 1308 ore
1279 1260 1393 1308 omnes
1416 1239 1476 1303 tri-

357 1347 514 1435 buerent3
539 1352 640 1419 seda
664 1352 821 1435 Sambyce
843 1353 1024 1437 nescioquo
1047 1352 1217 1420 inuentum
1246 1371 1320 1418 esse
1342 1349 1405 1417 hoc
1426 1351 1476 1413 iu-

361 1470 583 1529 strumentum
606 1469 742 1529 Sccmon
765 1483 816 1545 ap.
839 1461 955 1528 Athen.
977 1463 1053 1530 XIV
1075 1470 1135 1530 637
1158 1465 1187 1529 A
1209 1461 1323 1529 tradit.

442 1575 545 1640 Porro
569 1573 609 1638 cf.
634 1572 725 1642 Suid.
743 1597 767 1639 s.
785 1569 978 1658 Μαρσύας·
995 1613 1035 1622 —-
1051 1574 1137 1646 οὗτος
1152 1574 1260 1661 ἐφεῦρε
1285 1574 1334 1637 διὰ
1350 1576 1475 1658 peccaris

359 1679 482 1776 αὐλὸς,
502 1682 561 1746 ἀπὸ
584 1682 732 1768 καλάμων
745 1679 805 1747 ’καὶ
837 1687 950 1768 χαλκο.
996 1685 1200 1762 Quibuscum
1231 1685 1280 1750 ita
1308 1683 1476 1751 consentit

360 1799 559 1858 Metrodorus
580 1794 631 1875 „tr
646 1790 815 1878 Τρωϊκοῖς“
841 1815 894 1877 ορ,
924 1795 1040 1861 Athen.
1062 1795 1107 1861 IV
1133 1801 1189 1863 184
1214 1799 1249 1874 A,
1279 1801 1318 1861 ut
1339 1807 1474 1879 praeter

361 1911 514 1986 syrinpem
549 1903 648 1968 etiam
691 1911 797 1970 tobiam
826 1926 846 1970 a
882 1905 1016 1990 Marsya
1050 1907 1216 1971 inventam
1259 1904 1362 1986 dicat3
1400 1925 1474 1969 cum

360 2013 550 2095 Euphorion
578 2009 647 2098 περὶ
678 2019 862 2098 μελοποιιῶν
889 2015 996 2102 (ibid)
1025 2016 1123 2082 unius
1151 2013 1289 2099 σύριγγος
1321 2016 1471 2099 κηροδέτο

357 2125 577 2190 inventionem
615 2125 767 2210 Marsyae
801 2126 939 2191 tribuat.
984 2126 1084 2193 Vides
1112 2125 1199 2191 inter
1228 2125 1474 2209 Euphorionem

357 2243 390 2299 et
412 2235 636 2302 Metrodorum
660 2237 700 2301 de
722 2256 790 2302 una
813 2243 888 2302 litia
910 2259 976 2304 non
993 2235 1174 2316 convenire,
1198 2255 1269 2300 cum
1283 2233 1473 2301 Metrodoro

356 2345 465 2410 facere
488 2343 551 2409 hac
573 2345 648 2428 ipsa
676 2345 709 2411 in
733 2368 768 2412 re
792 2346 936 2413 Suidann
963 2348 1043 2430 ,Qui
1066 2367 1250 2414 cousensus
1273 2345 1349 2412 ideo
1371 2343 1473 2411 maxi-

357 2476 489 2537 mopere
502 2457 725 2522 memorabilis
742 2462 793 2522 est
807 2457 886 2541 quia
903 2457 943 2522 de
958 2456 1059 2522 tibiae
1075 2458 1246 2525 inventore
1262 2464 1345 2540 quot
1368 2462 1473 2522 testes

356 2571 408 2630 tot
430 2565 497 2629 fere
514 2573 593 2632 sunt
609 2566 802 2632 sententiae.
832 2573 991 2649 Hyapnr'dr'
1013 2568 1166 2634 tribuunt
1180 2567 1364 2633 Alexander
1379 2565 1474 2649 Poly-

357 2672 464 2739 histor
485 2674 575 2758 apud
596 2675 764 2742 Plutarch.
787 2699 871 2744 mus.
895 2685 966 2764 ὁρ
989 2683 1018 2760 8,
1041 2678 1199 2746 5Volkm.
1214 2679 1268 2765 (cf.
1283 2683 1349 2762 8p
1367 2683 1413 2756 ll,
1430 2677 1473 2761 2.)

382 2791 571 2850 tmarmor
603 2786 737 2853 Parium
772 2790 1054 2874 vs.17.18(0
1087 2789 1111 2854 l
1142 2790 1193 2857 Gr.
1222 2790 1315 2874 Ilp
1346 2788 1470 2872 300.¹,))

364 2899 499 2977 Olympo,
523 2901 663 2963 Athenae
685 2900 716 2982 (c
721 2899 739 2964 f.
761 2903 896 2964 Boeehlr
918 2900 1001 2984 expl.
1024 2899 1115 2964 Pind.
1139 2923 1169 2983 p.
1193 2899 1311 2986 344),“
1302 2900 1366 2982 rpsi
1389 2897 1472 2964 adeo

356 3011 450 3085 Apoll
451 3003 526 3090 loll)
554 3005 692 3074 alii—
649 3011 826 3091 —Neque
853 3009 1078 3094 Euphorionis
1100 3010 1149 3074 illi
1167 3003 1254 3076 libro
1278 3030 1385 3092 neque
1406 3009 1472 3073 Me-

356 3114 494 3180 trodoro
510 3112 590 3180 chio
607 3138 747 3200 usquam
764 3119 843 3183 alibi
858 3121 900 3187 ab
918 3119 1086 3187 Athenaeo
1104 3118 1329 3186 testimonium
1346 3120 1470 3184 denun-

359 3223 480 3305 tiatur3
509 3229 547 3288 ut
575 3245 613 3288 ex
643 3226 707 3293 alio
740 3248 838 3311 opere
868 3228 1000 3295 illorum
1028 3231 1219 3298 testimonia
1248 3230 1472 3313 transscripta
1589 3303 1593 3312 Ι

358 3352 432 3398 esse
460 3352 697 3401 concessurum
730 3337 890 3404 confidam
926 3340 1115 3423 quicunque
1149 3341 1308 3407 Athenaei
1330 3340 1471 3406 indolem

359 3441 496 3508 noverit.
474 3445 621 3510 tlam
658 3451 754 3513 Iubae
790 3448 842 3513 hic
879 3471 1011 3534 quoque
1047 3449 1254 3517 Athenaeum
1290 3471 1473 3535 usurpasse

361 3553 453 3619 tthea
455 3553 556 3620 ralem
578 3555 750 3623 historiam
774 3579 877 3644 supra
893 3559 1130 3643 demonstravi3
1154 3561 1334 3630 Metrodori
1350 3559 1474 3647 Τρωϊκὰ

361 3684 424 3730 non
448 3666 552 3748 magis
576 3645 731 3732 credibile
754 3675 807 3735 est
834 3668 877 3734 ab
907 3692 1109 3755 unoquoque
1137 3673 1284 3740 musicae
1314 3673 1382 3740 hist
1368 3673 1474 3740 &oriae

359 3781 551 3842 enarratore
585 3776 759 3859 pervoluta
781 3799 854 3844 esse
877 3801 977 3863 quarn
999 3776 1185 3849 Neanthis
1183 3775 1287 3869 Ώ.ρος
1311 3783 1475 3850 undecol-

358 3885 434 3967 ligo,
457 3882 539 3950 haec
562 3906 694 3970 quoque
717 3907 756 3950 ex
776 3893 855 3954 Inoa
876 3889 1030 3958 hausisse
1055 3892 1176 3961 Snidae
1198 3896 1411 3982 auctoreml)

358 3991 561 4001 ...Μ

429 4022 452 4085 1)
472 4019 513 4076 Cl.
530 4020 614 4076 etiem
624 4019 799 4078 Callistratus
816 4041 857 4094 ap.
884 4025 973 4084 Schol.
989 4029 1087 4086 Aesch.
1098 4031 1174 4086 Pers.
1187 4033 1237 4084 938
1249 4050 1275 4101 p.
1293 4035 1334 4095 90,
1350 4033 1376 4084 ll
1392 4027 1475 4083 Dind.

404 4108 454 4243 9321)
473 4106 505 4160 cf.
524 4105 597 4164 Plut.
616 4125 685 4165 mus.
706 4114 744 4162 14.
764 4127 790 4180 ρ.
812 4111 851 4177 17,
875 4115 905 4164 12
925 4127 983 4182 sqq.
1003 4114 1109 4168 Volkm.
1129 4116 1225 4184 Berplt,
1242 4117 1292 4185 lyr.
1310 4133 1351 4184 gr.
1369 4115 1413 4170 ed.
1431 4113 1475 4168 ΠΙ

359 4205 384 4257 p.
455 4230 462 4246 .

429 4277 456 4342 3)
475 4275 607 4331 Poterunt
632 4279 682 4332 hoc
704 4279 749 4333 vel
774 4278 800 4334 ci
818 4279 977 4346 concedere,
1004 4283 1103 4351 quibus
1127 4284 1162 4338 ad
1192 4285 1358 4338 Misrolelem
1386 4284 1475 4340 redire

359 4357 429 4411 istas
445 4359 479 4413 dc
502 4359 579 4431 Ibyci
604 4363 781 4434 Marsyaeque
810 4363 930 4420 inventis
960 4367 1114 4422 narationes
1140 4368 1307 4437 persuaserit
1335 4371 1367 4424 Ι).
1398 4371 1475 4426 Voll-
