3344 5126
888 415 907 474 4

336 593 539 676 captarisse:
573 595 753 676 „integros”
787 596 969 661 accessisse
1000 597 1141 674 „fontes”
1171 599 1276 665 videri
1310 601 1455 684 volebas,

335 711 413 776 dum
443 705 565 774 rivulos
594 705 669 771 inde
698 705 859 772 deductos
889 708 968 773 item
996 703 1033 773 ut
1056 709 1158 773 ceteri
1179 730 1290 775 omnes
1312 710 1361 775 tui
1383 711 1454 775 aevi

334 820 484 885 homines
499 815 678 883 hauriebas
693 821 724 897 ¹).
747 817 871 882 Revera
887 819 973 883 enim
996 818 1116 882 stultus
1138 818 1265 901 fuisset,
1288 820 1353 903 qui,
1376 839 1461 886 ono--

334 931 509 997 masticum
525 927 729 1007 conditurus,
749 926 954 993 lautissimas
969 929 1118 1014 priorum
1134 931 1340 995 saeculorum
1355 949 1454 995 cenas

338 1048 510 1126 spreturus
533 1038 666 1118 t'uisset3
689 1044 789 1119 atque
812 1037 875 1102 luit
896 1039 926 1102 is
948 1039 1100 1104 omnibus
1115 1039 1319 1124 temporibus
1334 1039 1455 1105 lexico·

334 1150 534 1235 grapborum
556 1167 636 1228 mos,
658 1152 781 1212 utnon
802 1151 870 1210 tam
893 1149 935 1213 ad
952 1148 1034 1213 artis
1058 1169 1137 1214 suae
1159 1149 1345 1214 rudimenta
1367 1148 1454 1214 redi·

334 1268 416 1341 rent,
439 1280 538 1342 quarn
561 1258 609 1323 eis
630 1257 839 1342 potissimum
863 1258 967 1344 copiis
989 1265 1159 1324 uterentur
1182 1279 1265 1342 quas
1283 1259 1406 1325 scirent
1421 1263 1455 1325 et

335 1370 519 1436 ditissimas
542 1373 575 1433 et
598 1367 848 1434 accuratissime
871 1369 1066 1451 castigatas:
1100 1369 1220 1434 nedum
1247 1369 1304 1434 illa
1335 1375 1453 1450 aetate,

336 1501 401 1564 qua
420 1499 558 1562 magnus
575 1477 640 1543 sibi
656 1483 772 1542 auctor
786 1477 961 1544 videbatur
978 1479 1083 1563 siquis
1100 1500 1156 1546 sex.
1171 1484 1333 1563 septemve
1347 1479 1452 1544 libros

333 1589 368 1654 iu
390 1611 489 1654 unuin
512 1592 732 1654 contraxerat.

419 1699 508 1777 Quae
532 1719 606 1763 cum
629 1697 677 1760 ita
699 1697 775 1777 sint,
797 1718 857 1781 per
880 1719 925 1776 se,
946 1697 1075 1779 opinor,
1096 1697 1269 1782 probabile
1292 1705 1351 1780 est,
1379 1699 1453 1763 Pol-

333 1809 440 1875 lucem
468 1807 592 1873 eisdem
620 1807 655 1872 in
683 1794 872 1873 universum
900 1807 1007 1890 copiis
1029 1827 1125 1872 usum
1149 1829 1230 1890 esse,
1264 1829 1303 1872 ex
1331 1808 1451 1890 quibus

336 1926 463 1985 ceteros
486 1917 543 2001 qui
566 1917 697 2000 quidem
712 1923 855 1982 aetatem
869 1919 1015 1982 tulerunt
1028 1918 1148 1982 veteris
1165 1917 1360 1983 eruditionis
1376 1936 1453 2001 pro·
1539 1969 1543 1978 .

335 2034 510 2114 pagatores
533 2047 594 2090 sua
615 2025 768 2091 hausisse
789 2033 867 2112 post
889 2025 1061 2092 Schmidtii
1089 2027 1295 2110 aliorumque
1318 2047 1452 2111 operam
1510 2037 1517 2052 ·

330 2140 401 2224 jam
423 2143 625 2221 compertum
647 2143 707 2204 est.
749 2136 933 2202 Dolendum
955 2143 1065 2202 autem
1087 2143 1146 2221 est,
1170 2137 1256 2221 quod
1271 2137 1367 2202 nobis
1381 2136 1454 2200 nul-

334 2248 402 2315 lum
418 2252 581 2314 servatum
600 2253 652 2311 est
667 2248 906 2312 onomasticum
920 2247 964 2310 ad
979 2247 1122 2314 Pollucis
1140 2246 1388 2311 similitudinem
1403 2246 1453 2310 in·

268 2434 276 2450 ·
336 2358 495 2438 stitutum,
511 2355 636 2422 nullum
651 2357 719 2422 fere
733 2361 865 2441 praeter
879 2357 1039 2421 Athenaei
1053 2355 1347 2440 Deipnosophistas
1360 2375 1453 2440 opus,

334 2469 368 2533 in
391 2490 455 2552 quo
478 2468 518 2533 dc
540 2465 640 2531 rebus
656 2488 676 2530 a
691 2465 823 2532 Polluce
845 2466 999 2532 tractatis
1021 2466 1156 2531 uberius
1179 2465 1383 2550 disputatum
1400 2465 1452 2532 sit.

334 2579 456 2644 Extant
483 2577 669 2642 etiamnunc
700 2583 805 2641 lexico
833 2577 922 2641 haud
949 2597 1058 2661 pauca
1086 2575 1221 2659 majoris
1251 2575 1451 2658 minorisque

334 2689 486 2754 ambitus.
530 2685 617 2752 Oum‘
633 2685 685 2750 his
708 2685 810 2767 igitur
832 2687 860 2750 si
882 2687 1149 2771 comparabimus
1172 2685 1345 2766 Pollucem,
1377 2707 1452 2770 pcr-

334 2798 447 2862 multis
470 2797 552 2862 locis
575 2795 769 2876 ridebimus,
796 2797 824 2859 si
851 2818 915 2861 non
946 2797 1056 2862 verbis
1081 2802 1114 2861 at
1136 2816 1171 2860 re
1193 2799 1302 2860 tamen
1325 2800 1358 2860 et
1379 2815 1451 2859 sen-

332 2909 444 2974 tentiis
469 2908 554 2972 inter
576 2913 734 2988 utrosque
757 2907 938 2972 convenire.
983 2905 1046 2972 Sed
1067 2911 1105 2970 ut
1126 2926 1166 2970 ex
1186 2903 1250 2970 hoc
1271 2906 1357 2970 inter
1378 2905 1451 2970 Pol·

332 3020 438 3083 lucem
460 3022 494 3082 et
514 3016 693 3081 lexicorum
716 3015 903 3081 conditores
927 3036 1088 3081 consensu
1117 3016 1160 3081 ad
1181 3020 1329 3080 nostram
1352 3035 1451 3096 quae·

334 3129 472 3193 ationem
495 3125 617 3205 aliquis
639 3122 765 3190 fructus
787 3125 973 3190 redundare
995 3125 1111 3210 possit,
1134 3123 1346 3191 indicandum
1361 3129 1450 3189 certe

333 3237 534 3316 brevissime,
558 3256 622 3318 quo
645 3235 883 3300 familiaritatis
905 3235 1035 3300 uinculo
1064 3233 1225 3299 contineri
1251 3233 1333 3298 mihi
1360 3233 1450 3298 vide·

333 3352 432 3412 antur
452 3345 633 3430 praecipua
654 3344 759 3410 loxica
770 3347 802 3423 ²).

330 3501 534 3516 ,-—-......

418 3577 441 3640 1)
461 3571 522 3628 Vid.
539 3572 707 3644 epimetrum

416 3659 443 3728 2)
461 3658 501 3712 De
524 3657 609 3712 Saldo
634 3658 740 3732 151χω;
768 3671 935 3727 quamquam
959 3655 1010 3711 hoc
1034 3655 1135 3710 saltem
1157 3655 1225 3711 mihi
1248 3653 1318 3710 satis
1342 3656 1449 3709 certum

330 3744 455 3806 ridetur,
485 3742 519 3796 de
547 3743 633 3795 Ptolis·
660 3739 749 3797 lexico
779 3759 795 3796 a
823 3743 908 3796 Suida
938 3743 1050 3811 recepto
1077 3739 1215 3794 Immerito
1242 3739 1388 3794 dubitasse
1414 3741 1449 3792 M.

335 3829 505 3882 Schmidtium
524 3823 626 3892 (annal.
640 3825 707 3892 phil.
720 3825 806 3879 LXXI
823 3829 888 3879 1155
900 3843 927 3895 p.
942 3829 1017 3890 483);
1037 3823 1072 3880 ci.
1084 3825 1183 3877 dacer.
1202 3823 1306 3894 proleg.
1321 3823 1355 3878 ad
1366 3823 1448 3880 Phot.

331 3929 358 3981 p.
380 3914 426 3964 115
446 3925 487 3978 sq.
501 3938 531 3950 -
551 3909 591 3961 De
612 3909 847 3977 Elpmolopicorum
865 3909 988 3964 lontibus
1006 3906 1134 3978 quaestio
1152 3910 1196 3963 551
1214 3907 1389 3971 difficillima.
1407 3909 1449 3962 in·

331 3995 432 4050 cohata
450 3991 484 4047 ab
504 3994 532 4046 Ir'.
554 3993 655 4047 Meiere
673 4009 767 4064 opnsc.
788 3993 879 4046 11115
898 4009 973 4063 sqq.;
1005 3993 1041 4048 cs.
1060 3992 1145 4047 etiam
1164 3995 1262 4048 Nabar.
1280 3993 1349 4062 prol.
1367 3992 1449 4048 Pbot.

334 4083 382 4133 111
399 4095 460 4148 sqq.
479 4107 512 4118 -
530 4076 570 4132 De
592 4077 701 4131 Orioner‘
717 4075 902 4148 lltymologici
920 4075 1118 4148 compositione
1141 4077 1212 4133 satis
1236 4080 1348 4133 constat
1366 4093 1448 4147 quarn

331 4161 438 4215 diverse
461 4160 584 4215 sentiant
605 4163 763 4216 Rr'lrclelr‘ur
788 4161 975 4231 Kleisu'usque.
1011 4162 1048 4216 ur
1070 4162 1205 4217 Kleistius
1228 4161 1339 4233 qnidam
1363 4178 1448 4232 quan·

331 4261 412 4314 qnam
431 4243 564 4315 quaedam
585 4261 647 4300 vere
665 4245 828 4301 observasse
845 4244 955 4299 videtur
981 4245 1027 4314 (51.
1047 4247 1134 4301 hertz.
1156 4247 1258 4302 Herod.
1280 4247 1374 4304 techn.
1397 4247 1447 4320 rel.

331 4329 344 4383 Ι
363 4345 389 4397 p.
405 4326 605 4398 (1011111555.)
622 4345 656 4385 55
673 4337 765 4385 tamen
784 4346 854 4400 quae
872 4333 968 4385 contra
984 4327 1133 4385 thsnhaIIi
1150 4332 1360 4400 paragraphum·
1373 4331 1447 4388 deoi-
