3344 5126
727 409 766 470 27

185 588 307 665 confer,
331 588 388 668 sia,
410 586 572 652 Athenaei
594 588 695 654 verba
715 611 746 673 p.
771 590 833 654 174
854 589 905 655 F.:
935 584 1130 672 γιγγραΐνοισι
1145 591 1167 674 ¹)
1197 591 1254 674 γὰρ
1276 586 1305 652 oi

183 697 323 767 Φοίνικες
345 734 389 746 --
410 696 547 780 ἐχρῶντο
569 695 686 779 αὐλοῖς,
708 695 916 780 σπιθαμιαίοις
946 697 980 762 τὸ
1009 698 1157 782 μέγεθος,
1179 697 1227 769 dib
1254 693 1306 761 καὶ

183 805 290 891 γοερὸν
310 805 541 891 φθεγγομένοις.
563 806 680 877 τούτοις
704 800 812 869 δὲκαὶ
835 803 863 868 οἱ
896 803 998 891 Κᾶρες
1019 812 1154 892 χρῶνται
1182 807 1215 870 ἐν
1242 806 1306 878 τοῖς

187 916 318 1000 θρήνοις.
345 951 388 966 ·-
414 953 457 966 -
486 957 526 966 -
555 916 752 999 ὀνομάζονται
782 914 816 979 δὲ
842 910 871 977 οἱ
901 911 990 978 αὐλοί
1017 916 1135 1000 γίγγροι
1163 915 1220 979 ὑπὸ
1246 921 1308 980 τῶν

184 1024 334 1090 Φοινίκων
349 1025 409 1090 ἀπὸ
424 1033 485 1089 τῶν
501 1021 570 1111 περὶ
580 1018 719 1090 ’Ἄδωνιν
734 1025 869 1112 θρήνων·
886 1023 938 1088 τὸν
951 1025 1009 1109 γὰρ
1023 1017 1162 1089 ”Abanta
1177 1025 1308 1110 Γίγγρην

185 1133 311 1199 καλεῖτε
333 1133 422 1219 ὑμεῖς
445 1133 473 1198 οἱ
497 1133 645 1218 Φοίνικος.
684 1135 775 1206 Haec
796 1136 862 1200 nisi
883 1135 941 1200 uni
963 1135 1077 1202 deberi
1099 1135 1183 1201 fonti
1205 1157 1308 1221 appa·

183 1251 243 1326 ret,
266 1266 326 1330 ego
349 1245 430 1328 quid
453 1245 498 1310 sit
519 1245 554 1310 in
574 1244 638 1311 hoc
659 1266 777 1328 genere
801 1245 1029 1311 demonstrare
1050 1245 1158 1311 fateor
1178 1267 1230 1311 me
1252 1267 1308 1311 ne·

183 1355 277 1420 scire.
314 1355 357 1422 Et
380 1355 529 1438 singulae
551 1375 605 1420 res
622 1361 656 1421 et
671 1356 701 1419 is
716 1375 782 1438 quo
796 1354 874 1421 illae
889 1355 1094 1421 collocantur
1113 1353 1195 1421 ordo
1211 1357 1308 1441 plane

185 1464 393 1530 consentiunt
415 1465 505 1550 apud
527 1472 702 1548 utrumque
724 1471 902 1530 auctorem.

269 1574 308 1638 In
330 1580 528 1640 transcursu
550 1595 679 1657 moneo,
708 1574 783 1644 illos
812 1573 978 1659 ὑποπτέρος
1002 1568 1096 1644 αὖλίς
1118 1594 1202 1657 quos
1225 1574 1243 1659 ᾖ
1266 1563 1305 1640 'll

186 1683 348 1767 praebent
379 1683 524 1750 Pollucis
554 1684 686 1750 codices
722 1705 774 1749 me
797 1682 910 1768 judice
945 1704 1113 1767 nunquam
1148 1682 1307 1749 extitisse.

184 1791 282 1858 Novit
303 1793 466 1859 eiusmodi
487 1793 740 1859 instrumentum
761 1813 866 1876 neque
889 1794 1079 1860 Athenaeus
1093 1813 1199 1875 neque
1222 1792 1309 1859 ullus

186 1902 272 1968 alius
295 1908 423 1968 auctor.
467 1901 516 1966 Tu
538 1903 668 1968 scribas
691 1901 897 1987 ὑπερτέλειοι;
924 1903 974 1968 ita
995 1908 1032 1967 ut
1053 1901 1088 1966 in
1109 1902 1240 1973 τελείοις
1268 1902 1310 1968 ti-

184 2011 249 2077 biis
272 2018 306 2078 et
327 2010 534 2097 ὑπορτελείοις
557 2011 794 2098 conjungendis
815 2012 940 2078 interae
963 2011 1173 2078 consentiant
1194 2012 1310 2078 Pollux

184 2126 218 2186 et
240 2118 435 2187 Athenaeus
459 2121 537 2206 (176
559 2123 609 2207 F).
646 2121 800 2188 Ceterum
822 2143 863 2186 ea
877 2141 1007 2204 quoque
1029 2121 1064 2186 in
1084 2143 1122 2186 re
1143 2121 1229 2188 inter
1252 2143 1309 2186 eoa

184 2231 335 2296 convenit
357 2233 447 2314 qnod
469 2238 608 2299 virorum
636 2231 713 2297 usui
743 2230 929 2297 destinatas
953 2251 1026 2296 esse
1052 2231 1155 2296 tibias
1187 2231 1307 2302 τελείας

184 2346 217 2406 et
239 2339 435 2424 ὑπερτελείος
463 2348 603 2425 uterque
625 2341 722 2407 dicit:
744 2364 772 2407 v.
795 2341 875 2406 Poll.
898 2341 917 2426 ᾗ
939 2346 990 2407 81.
1015 2338 1092 2405 Ath.
1113 2363 1144 2425 p.
1170 2346 1230 2405 116
1252 2340 1289 2406 F.

269 2445 426 2532 Ἐλύμοις
453 2445 547 2522 αὖλίς
575 2457 608 2517 et
638 2451 755 2517 Pollux
782 2452 801 2536 ᾖ
829 2457 869 2517 16
900 2458 932 2516 et
962 2449 1151 2536 Athenaeus
1184 2453 1244 2514 176
1276 2450 1310 2514 F.

191 2571 348 2646 Phrygum
372 2565 485 2631 dicunt
506 2581 579 2626 esse
600 2559 782 2641 inventum3
806 2565 839 2626 et
859 2581 900 2626 ne
923 2559 958 2625 id
980 2559 1113 2642 quidem
1136 2558 1311 2642 neglegen-

190 2676 270 2742 dum
292 2681 352 2758 est,
374 2672 463 2759 quod
484 2673 570 2737 inter
592 2675 685 2735 tibias
708 2667 839 2753 ἐλύμους
862 2668 995 2735 minime
1017 2690 1130 2735 omnes
1158 2674 1310 2735 auctores

190 2786 421 2865 numerabant,
444 2782 473 2847 si
496 2779 696 2866 Hesychinm
718 2779 912 2866 audimus.²)
956 2776 1113 2842 Σκυτοίλια
1143 2779 1211 2845 eive
1240 2801 1311 2841 ονο-

189 2895 299 2966 ταλίας
320 2895 409 2961 idem
429 2891 535 2958 tibiae
557 2910 630 2955 esse
652 2911 754 2972 genus
776 2891 964 2957 Athenaeus
987 2887 1146 2970 affirmat3
1172 2889 1207 2954 in
1228 2890 1246 2974 ἓ
1268 2894 1308 2954 82

195 3003 258 3070 hoc
279 3024 398 3070 nomeu
421 3001 589 3083 ablegavit
610 3000 733 3066 Pollux.

272 3112 346 3179 Una
367 3113 402 3179 in
424 3133 459 3178 re
482 3111 597 3176 Pollux
618 3110 708 3174 haud
730 3109 941 3175 mediocriter
969 3109 1012 3174 ab
1043 3107 1214 3172 Athenaeo
1246 3108 1313 3172 dis·

190 3222 287 3289 cedit
335 3222 384 3288 De
410 3227 560 3305 pandura
588 3220 677 3286 enim
703 3218 793 3305 lyrae
820 3238 939 3299 genere
966 3219 1049 3284 haec
1075 3217 1180 3283 tradit
1208 3218 1226 3302 ᾗ
1256 3223 1312 3283 60:

190 3332 352 3417 τρίχορδον
375 3332 408 3396 δὲ
430 3332 504 3415 ὅπερ
532 3325 727 3412 Ἀοοιίριοι
755 3329 925 3412 πανδοῦραν
955 3331 1120 3411 ὠνόμαζον.
1159 3325 1311 3392 Ἔκείνων

191 3437 256 3525 δ’ἢν
277 3437 329 3503 καὶ
352 3439 512 3525 abnepoti)
557 3437 681 3504 Contra
695 3437 884 3503 Athenaeus
902 3443 961 3505 183
978 3438 1016 3502 F:
1040 3444 1079 3500 τέ
1102 3439 1135 3501 δὲ
1158 3438 1312 3521 καλομένιι

263 3636 288 3700 1)
306 3630 466 3705 γιγγραΐνοις
487 3632 657 3686 Carantonus
675 3630 814 3689 animadv.
831 3649 859 3700 p.
881 3634 938 3687 191.

260 3737 285 3799 2)
304 3734 465 3804 Quanquam
495 3733 616 3790 fortasse
645 3732 729 3787 etiam
753 3731 852 3786 Pollux
875 3731 949 3786 inter
967 3746 1014 3785 eos
1032 3731 1124 3796 luerit,
1143 3730 1190 3800 qui
1213 3728 1314 3795 ἐλύμος

190 3816 331 3886 putabant
349 3833 411 3872 esse
425 3817 459 3870 τὰ
476 3824 570 3889 πρῶτα
589 3823 643 3872 τῶν
662 3819 759 3884 αὐλῶν,
779 3815 916 3886 siquidem
929 3815 998 3871 haec
1016 3831 1068 3870 vox
1079 3814 1252 3870 restituenda
1270 3818 1315 3870 est

193 3902 218 3968 ᾗ.
243 3904 286 3956 10.
327 3899 382 3955 Ubi
405 3901 453 3971 qui
476 3900 551 3956 inter
572 3901 658 3957 tibiae
687 3906 781 3971 partes
811 3903 951 3969 ponuntur
979 3900 1095 3972 ὁλμο1,οἰ
1119 3899 1232 3954 aliunde
1260 3916 1313 3954 non

193 3984 255 4040 noti
274 3987 353 4040 sunt:
372 4001 397 4039 v.
416 3985 643 4042 aianeoane.
664 3987 699 4041 ad
712 3987 851 4041 Plutarch.
869 3985 903 4040 dc
921 4002 990 4040 mus.
1008 4002 1035 4055 p.
1051 3987 1107 4040 143.
1146 3984 1206 4053 Ego
1225 3984 1313 4051 scrip·

192 4069 274 4124 aerim
288 4069 302 4123 ἔ
310 4067 325 4121 λ
336 4086 428 4139 υμοι,
448 4068 525 4122 cuius
537 4069 665 4125 vocabuli
678 4071 749 4126 hanc
762 4087 870 4142 quoque
889 4087 949 4126 ease
962 4068 1139 4124 notionem's.
1153 4084 1177 4121 v.
1191 4065 1233 4123 a.
1246 4066 1315 4120 dicit

192 4153 356 4224 Hesychius.
391 4152 488 4208 Potuit
505 4155 598 4208 autem
615 4171 648 4210 eo
665 4155 777 4210 facilius
795 4156 825 4209 in
844 4155 947 4222 tlpol
965 4153 1068 4209 mutari
1086 4155 1155 4208 haec
1173 4166 1224 4206 vox
1241 4150 1314 4220 quod

193 4238 289 4294 statim
307 4237 464 4308 insequitur
482 4237 650 4310 ὑφίλμιας
668 4257 722 4312 quo
741 4241 773 4294 de
791 4239 923 4295 vocabulo
943 4239 977 4292 cl.
996 4237 1161 4307 Hesychius.

262 4347 287 4404 ιι)
311 4341 335 4394 A
363 4341 438 4394 Pane
460 4338 602 4395 inventam
638 4356 698 4397 esso
725 4341 884 4412 pandurum
912 4337 1036 4393 Isidorus
1066 4337 1201 4401 affirmat,
1231 4336 1315 4407 origi-
