3344 5126
908 386 949 462 sd

457 578 528 658 Sed,
551 585 590 646 ut
611 579 744 646 redeam
766 581 859 647 illuc:
884 580 1025 646 simodo
1042 599 1155 645 verum
1178 583 1238 659 est,
1260 599 1302 643 ne
1316 579 1491 646 historiam

378 689 509 774 quidem
532 690 731 758 litterariam
754 713 774 757 a
796 691 880 758 Iuba
901 691 999 776 plane
1022 688 1202 772 neglectam
1226 710 1310 772 esse,
1331 690 1384 756 his
1415 713 1497 774 quo·

372 823 435 886 que
469 803 503 868 in
530 803 629 869 rebus
666 808 927 872 consentaneum
961 806 1013 867 est
1048 800 1151 865 Iubae
1181 800 1285 885 copiis
1322 800 1494 884 diligenter

373 934 470 978 usum
501 933 575 980 esse
603 913 808 998 Dionysium.
851 911 960 990 Quare
990 933 1055 978 uon
1079 933 1219 995 prorsus
1241 911 1375 995 ineptus
1399 910 1493 991 foret,

375 1023 480 1106 siquis
511 1046 575 1090 non
607 1045 720 1090 eorum
743 1022 851 1104 modo,
874 1041 960 1106 quae
983 1043 1044 1088 nos
1067 1019 1165 1087 hodie
1189 1021 1228 1088 de
1251 1026 1416 1107 apparatu
1439 1041 1493 1086 ve-

372 1137 479 1199 terum
502 1134 706 1200 Graecorum
729 1134 881 1200 scaenico
904 1132 1059 1212 norimus,
1081 1131 1240 1214 pleraque
1264 1130 1373 1199 omnia
1387 1130 1489 1195 Iubae

374 1243 486 1310 deberi
512 1245 644 1326 diceret,
669 1245 726 1311 sed
749 1251 878 1330 partem
902 1249 991 1309 certe
1007 1243 1161 1327 aliquam,
1184 1261 1244 1306 nee
1258 1241 1404 1308 sortasse
1425 1240 1491 1304 exi-

373 1375 481 1437 guam,
512 1356 584 1422 eius
612 1377 745 1439 quoque
775 1355 815 1420 de
841 1360 1016 1439 poetarum
1053 1353 1279 1420 scaenicorum
1316 1351 1392 1419 vitis
1421 1371 1487 1416 me·

372 1467 505 1547 moriae,
529 1487 628 1551 quam
651 1465 771 1532 Suidas
796 1465 948 1548 servavit,
971 1464 1014 1531 ad
1037 1465 1176 1530 eundem
1192 1470 1361 1530 auctorem
1382 1461 1489 1527 redire

375 1577 613 1661 suspicaretur.
638 1615 672 1626 -

458 1686 521 1752 Sed
546 1688 584 1752 de
599 1687 683 1754 Iuba
704 1685 876 1753 hactenus.
905 1687 1058 1753 Poteram
1074 1707 1112 1752 ea
1136 1685 1175 1750 de
1198 1706 1233 1750 re
1257 1683 1486 1766 quaestionem

373 1795 549 1863 instituere
576 1798 720 1864 fortasse
743 1819 809 1864 non
831 1797 1075 1862 infructuosam
1098 1816 1165 1879 qua
1186 1794 1251 1860 fide
1273 1793 1390 1861 Pollux
1411 1812 1490 1858 auc-

374 1911 446 1971 tore
469 1912 536 1971 tarn
561 1908 677 1976 eximio
700 1930 784 1975 usus
802 1908 855 1973 sit.
884 1906 1005 1971 Verum
1027 1904 1090 1973 hoc
1112 1905 1187 1970 aliis
1208 1904 1395 1988 relinquere
1417 1927 1487 1971 ma·

372 2016 427 2096 lui,
451 2038 552 2082 unum
580 2018 653 2102 ipse
680 2017 891 2109 moniturus.¹
922 2016 1040 2094 Questi
1063 2016 1147 2082 enim
1172 2035 1271 2099 saepe
1294 2021 1374 2080 sunt
1395 2014 1493 2079 multi

374 2125 434 2189 viri
458 2125 643 2192 doctissimi
674 2128 713 2193 de
734 2127 877 2195 Pollucis
904 2127 945 2206 in,
967 2127 1067 2194 rebus
1097 2124 1256 2190 scaenicis
1287 2123 1490 2210 explicandis

375 2257 502 2301 summa
540 2239 752 2322 neglegentia.
810 2237 878 2302 Nec
914 2237 1017 2304 falsos
1061 2257 1134 2303 esse
1171 2235 1261 2316 dico;
1299 2257 1491 2320 quanquam

373 2349 491 2416 ceteris
504 2349 775 2432 compilatoribus
791 2347 1017 2430 neglegentius
1032 2351 1201 2412 versatum
1225 2366 1299 2411 esse
1315 2345 1491 2428 Pollucem,

373 2479 438 2525 non
462 2459 615 2525 concedo.
646 2456 709 2523 Sed
725 2458 860 2540 gravius
876 2462 936 2538 est,
961 2456 1050 2540 quod
1065 2477 1104 2522 ex
1119 2455 1264 2539 ipsailla
1288 2456 1493 2540 neglegentia

373 2567 522 2653 perlucet
543 2568 660 2634 eximia
674 2569 815 2637 fontium
839 2568 881 2633 ab
903 2567 959 2632 illo
983 2569 1219 2648 usurpatorum
1234 2566 1378 2632 bonitas.
1408 2565 1492 2632 Eius

374 2679 460 2744 enim
481 2685 580 2745 notae
607 2684 685 2744 sunt
707 2679 849 2764 plurima
872 2678 1046 2764 σφάλματα,
1069 2682 1194 2742 utnon
1218 2676 1356 2742 destitui
1381 2675 1491 2760 sophi-

377 2797 464 2857 stam
487 2790 633 2856 exilitate
658 2788 883 2855 subsidiorum
908 2787 965 2854 sed
986 2786 1138 2871 impediri
1168 2787 1307 2871 profusa
1336 2785 1491 2852 ubertate

374 2900 469 2966 facile
499 2919 689 2982 cognoscas.
733 2897 875 2966 Constat
901 2898 996 2979 enim,
1023 2898 1071 2960 ita
1100 2896 1191 2961 illum
1220 2896 1413 2980 plerumque
1436 2894 1486 2958 his

375 3014 408 3076 in
430 3012 531 3077 rebus
555 3031 694 3090 errasse,
717 3015 756 3074 ut
772 3029 856 3095 quae
873 3008 912 3074 de
929 3012 1018 3072 certo
1042 2990 1154 3088 aliquo
1178 3006 1328 3071 dramate
1350 3003 1487 3070 dicenda
1552 2995 1553 2998 '

374 3126 470 3187 erant
502 3119 550 3185 ita
587 3118 737 3202 proferat
770 3126 930 3201 tauquam
965 3117 999 3182 in
1038 3123 1151 3184 omnes
1188 3115 1319 3183 omnino
1355 3113 1486 3182 fabulas

376 3229 581 3298 conveniant.
628 3227 719 3292 Unde
754 3233 902 3313 apparet,
931 3226 992 3291 tali
1021 3248 1095 3292 eum
1127 3247 1225 3290 usum
1255 3244 1329 3290 esse
1351 3229 1488 3289 auctore

372 3342 429 3427 qui
459 3340 551 3407 varia
580 3336 740 3422 cuiusque
755 3338 802 3422 rei
824 3337 973 3421 exempla
995 3336 1058 3421 ὅλῳ
1081 3343 1125 3421 τῷ
1143 3334 1273 3420 θυλάκῳ
1296 3332 1489 3414 effunderet,

372 3453 430 3521 sed
449 3453 498 3518 ita
519 3471 618 3517 usum
640 3470 724 3531 esse,
745 3454 785 3515 ut
807 3443 991 3514 autunum
1015 3446 1064 3512 vel
1089 3445 1154 3513 duo
1177 3467 1216 3511 ex
1238 3445 1303 3510 illis
1327 3443 1484 3528 exemplis

371 3565 493 3650 raptim
511 3561 678 3644 delibaret,
693 3565 761 3640 aut,
778 3559 976 3627 oscitantius
993 3558 1102 3641 etiam,
1119 3577 1204 3641 quae
1217 3554 1354 3639 exempli
1370 3573 1492 3620 caussa

372 3677 425 3742 ille
455 3678 674 3759 apposuerat,
714 3692 775 3757 pro
810 3675 885 3736 rata
915 3674 1143 3754 perpetuaque
1183 3685 1298 3732 norma
1326 3665 1492 3730 venderet.

372 3786 456 3851 Hinc
485 3791 596 3850 autem
628 3781 878 3864 consectarium,
908 3779 987 3844 nihil
1017 3779 1051 3842 in
1072 3776 1135 3840 hac
1158 3775 1302 3843 Pollucis
1324 3780 1420 3860 parte
1441 3779 1491 3839 te-

376 3918 465 3964 mere
493 3894 715 3980 spernendum
733 3913 816 3974 esse,
837 3927 881 3942 -
901 3890 936 3954 id
959 3888 1047 3972 quod
1072 3887 1182 3953 debito
1208 3885 1340 3970 saepius
1362 3885 1489 3950 factum

373 4014 426 4073 est
447 4043 485 4054 —
513 4003 570 4071 sed
592 4004 695 4088 probe
725 4001 911 4082 tenendum,
941 3999 1016 4066 auri
1039 4019 1142 4080 grana
1164 3996 1218 4060 hic
1257 3996 1363 4061 latere
1387 4015 1492 4079 quan-

374 4117 497 4184 tumvis
520 4116 698 4182 maculata.
