3344 5126
767 434 785 494 3

222 635 318 699 spero
340 621 391 678 me
414 613 666 696 impetraturum
689 633 770 692 esse,
799 613 830 676 si
853 612 1017 697 diputatio
1047 635 1119 678 men
1139 614 1181 678 de
1205 619 1340 678 Pollucis

221 731 252 788 in
274 727 366 787 rebus
387 727 543 788 scaenicis
565 729 753 786 enarrandis
773 729 912 802 fontibus
934 721 1049 787 exilior
1071 744 1210 788 evasura
1233 725 1286 788 sit.

305 831 354 896 Ne
376 838 487 896 tamen
510 832 567 915 qui
588 832 651 897 hoc
674 831 870 913 opusculum
891 831 1038 896 lecturus
1054 838 1114 914 est,
1138 855 1196 898 cur
1213 834 1339 898 tamdiu

167 993 170 998 .
220 943 255 1007 in
275 941 387 1007 limine
408 942 572 1023 haeream,
602 943 644 1007 ad
665 943 773 1026 ipsam
794 963 863 1005 rem
886 961 959 1006 sero
982 942 1138 1007 accedam
1160 943 1258 1006 nimis
1280 944 1340 1006 mi·

220 1060 319 1128 retur,
342 1057 475 1136 reputet
495 1051 601 1132 velim,
624 1073 687 1115 non
708 1073 806 1137 posse
823 1053 862 1116 de
879 1051 1015 1133 singulis
1031 1053 1130 1116 huius
1145 1053 1340 1118 onomastici

219 1161 392 1245 particulis
417 1160 498 1226 satis
520 1161 687 1250 fructuose
711 1161 885 1245 disputari,
907 1161 972 1225 nisi
993 1168 1099 1226 totum
1121 1183 1203 1246 opus
1220 1163 1339 1245 quibus

221 1274 486 1354 superstructum
524 1271 568 1335 sit
599 1271 820 1336 fundamentis
853 1273 888 1336 in
923 1273 1110 1337 universum
1142 1280 1231 1336 certe
1266 1293 1339 1356 per·

221 1385 369 1463 spectum
391 1380 442 1446 sit.

763 1611 795 1706 Ι.

709 1720 731 1750 Ὀ

305 1801 419 1867 Pollux
447 1802 549 1883 igitur
574 1802 645 1886 ipse
676 1801 796 1884 quibus
825 1821 905 1867 usus
937 1800 980 1866 sit
1007 1801 1154 1867 fontibus
1176 1822 1338 1895 nusquam

132 1981 136 1990 .
219 1912 360 1977 indicat:
393 1932 502 1995 pauca
536 1918 646 1977 monet
679 1911 719 1976 de
749 1912 796 1976 eis
825 1911 971 1976 fontibus
1002 1931 1084 1992 quos
1113 1932 1174 1975 noo
1202 1913 1338 1994 adierit;

157 2048 165 2064 ·
220 2044 304 2106 quae
327 2021 382 2086 cui
399 2021 477 2086 usui
498 2022 628 2105 possint
649 2043 722 2086 esse
743 2029 860 2106 postea
873 2021 1065 2087 videbimus.
1109 2020 1213 2086 Usum
1229 2029 1339 2087 autem

200 2132 311 2198 'illum
338 2152 411 2196 esse
438 2132 566 2216 paratis
594 2133 818 2214 antiquiorum
850 2131 1138 2215 grammaticorum
1168 2131 1339 2197 doctrinae

219 2243 388 2320 subsidiis,
417 2242 451 2305 id
479 2263 555 2306 vero
586 2249 712 2308 eertum
735 2249 794 2308 est
837 2241 922 2305 Nam
943 2241 1104 2305 ridiculus
1126 2241 1211 2304 foret
1234 2241 1337 2323 siquis

219 2373 259 2418 ex
287 2359 434 2417 veterum
462 2358 495 2416 et
525 2351 720 2435 scriptorum
751 2358 785 2416 et
811 2357 986 2435 poetarum
1014 2350 1121 2434 pratis
1148 2350 1256 2433 ipsum
1287 2371 1339 2414 so-

219 2460 362 2545 phistam
385 2468 535 2525 nostrum
556 2461 711 2527 flosculos
735 2482 811 2526 suos
834 2459 1072 2543 conquisivisse
1095 2460 1259 2540 opinetur3
1283 2482 1338 2524 ne-

220 2591 282 2653 que
311 2569 472 2654 ejusmodi
498 2569 684 2653 opinionem
719 2577 756 2635 ut
785 2571 864 2634 data
890 2589 990 2654 opera
1025 2569 1211 2654 refellamus
1237 2570 1338 2654 periti

215 2679 345 2764 judices
374 2685 519 2762 poscent.
563 2678 638 2762 Ipse
674 2700 756 2762 quos
784 2681 888 2745 videri
918 2680 997 2745 velit
1023 2686 1174 2744 auctores
1204 2685 1336 2746 seruitus

110 2812 127 2824 ·
219 2789 366 2869 esse,'in
397 2788 475 2853 libri
507 2789 642 2853 secundi
673 2789 938 2873 praefatiuncula
969 2790 1022 2854 his
1054 2791 1181 2855 indicat
1212 2789 1336 2854 verbis:

219 2894 369 2961 πολλὰδὲ
384 2893 435 2960 καὶ
451 2895 480 2962 oi
495 2899 539 2982 τῷ
550 2897 708 2984 περιπάτῳ
724 2899 864 2983 συνήθεις
880 2899 1010 2983 ἐμήνυον
1023 2899 1105 2984 ἡμῖν,
1121 2893 1206 2962 αὐτοὶ
1222 2894 1261 2960 τὰ
1275 2897 1336 2982 παῤ

220 3007 319 3071 αὑτῶν
341 3002 392 3070 καὶ
415 3003 453 3069 τὰ
475 3007 557 3092 παρὰ
579 3014 639 3073 τῶν
661 3007 773 3094 ἰατρῶν
789 3007 1013 3093 ἀθροισάμενοι,
1036 3005 1102 3094 παρ’
1123 3012 1165 3073 ὧν
1180 3009 1231 3071 καὶ
1246 3008 1336 3092 ἡμεῖς

220 3140 285 3180 τινα
306 3115 420 3181 τούτων
447 3117 656 3201 σννελέξαμεν.
699 3118 778 3184 Illos
801 3120 954 3184 nimirum
976 3120 1059 3185 dicit
1086 3119 1335 3201 antiquissimos

220 3228 386 3294 solidioris
409 3247 509 3308 quam
530 3229 703 3294 Ernestius
731 3235 828 3295 vocat
850 3229 1022 3295 doctrinae
1045 3230 1233 3295 conditores
1257 3251 1337 3310 quo·

219 3359 293 3402 rum
307 3337 481 3401 nonnullos
497 3339 664 3404 recensuit
675 3343 821 3403 Lelirsr'os
833 3339 1019 3403 Aristarchi
1034 3363 1064 3424 p.
1075 3346 1115 3410 49
1131 3361 1201 3422 sqq.
1218 3339 1335 3423 (ed.l.).

221 3445 285 3511 Sed
316 3467 357 3510 ne
386 3446 449 3510 hoc
480 3447 613 3529 quidem
643 3449 848 3513 crediderim.
905 3449 1199 3533 Peripateticorum
1234 3449 1336 3530 igitur

219 3556 322 3621 libros
345 3559 507 3620 tractatos
537 3577 608 3621 esse
635 3578 656 3620 a
679 3559 816 3622 secundi
837 3559 993 3641 tertiique
1017 3558 1140 3623 saeculi
1164 3558 1336 3641 sophista?

220 3665 283 3743 Qui
306 3665 335 3728 si
356 3670 416 3729 aut
429 3664 723 3731 Alexandrinorum
748 3673 804 3730 aut
827 3688 939 3732 eorum
962 3668 1017 3750 qui
1039 3667 1116 3731 inde
1139 3667 1181 3730 ab
1197 3667 1336 3747 Augusti

221 3781 329 3840 aetate
363 3775 494 3859 priscae
530 3775 700 3840 doctrinae
734 3777 929 3841 thensauros
965 3783 1197 3840 contraxerant
1231 3775 1335 3840 libros

221 3883 446 3966 exscribebat,
474 3892 508 3950 et
534 3884 721 3969 aequalium
747 3887 891 3950 omnium
917 3907 1039 3952 morem
1067 3887 1276 3968 sequebatur,
1304 3891 1337 3948 et

219 4014 295 4059 vero
329 3993 431 4059 multo
461 3995 658 4076 prudentius
692 3997 827 4077 agebat,
862 3998 982 4081 quippe
1015 3996 1073 4079 qui
1100 3996 1335 4079 Peripatetico·

219 4125 291 4169 rum
307 4105 525 4170 eruditionem
539 4125 693 4169 unacum
709 4106 1003 4171 Alexandrinorum
1016 4106 1091 4170 illos
1106 4105 1337 4188 excipientium

221 4213 391 4278 doctrinae
414 4215 518 4300 copiis
540 4215 635 4297 longe
657 4215 867 4286 uberioribus
897 4217 1067 4300 reciperet.
1111 4213 1214 4279 Venia
1235 4214 1338 4296 igitur

220 4327 277 4386 tua
304 4322 440 4406 dictum¹
459 4325 516 4406 sit,
551 4324 635 4389 bone
663 4325 794 4405 Pollux3
834 4325 933 4390 credo
959 4331 993 4388 te
1021 4325 1148 4426 aliquid
1178 4325 1336 4407 gloriolae

1085 4443 1120 4494 μ
