3344 5126
355 4165 381 4218 p.
400 4151 432 4202 32
451 4151 497 4208 Kl.

903 401 939 460 12

358 585 501 661 priorum
518 586 623 646 lexico
638 591 669 644 et
682 585 876 646 onomastiou
892 579 1021 645 curiose
1044 577 1250 646 consuluisse
1273 587 1399 646 certum
1415 587 1476 648 est.

355 689 466 755 Possit
486 690 589 772 igitur
616 691 689 773 quis
713 711 857 775 sperare,
880 711 919 754 ex
940 690 1166 772 antiquiorum
1186 690 1368 756 lexicorum
1388 692 1477 773 frag·

356 800 473 864 mentis
497 799 540 864 ad
562 806 709 866 nostram
732 800 958 883 quaestionem
981 799 1169 865 solvendam
1190 820 1255 864 non
1277 800 1395 882 exigua
1417 820 1476 864 nos

354 907 544 974 lucraturos
567 929 648 975 esse.
693 910 757 976 Sed
779 910 836 993 qui
856 908 1041 993 periculum
1063 910 1189 992 iecerit,
1217 909 1246 974 is
1274 907 1361 974 hano
1384 929 1477 994 spem

354 1037 429 1082 mox
465 1018 600 1101 abioiet;
634 1025 704 1084 tam
737 1020 855 1102 exigua
892 1020 978 1084 enim
1007 1027 1184 1105 supersunt
1215 1019 1478 1101 largissimarum

355 1129 521 1210 quondam
542 1129 641 1194 huius
663 1130 792 1210 generis
815 1129 1005 1194 divitiarum
1034 1130 1205 1212 fragmina,
1236 1135 1272 1193 ut
1298 1129 1396 1212 plane
1422 1150 1478 1193 ne·

355 1244 456 1320 queat
484 1237 626 1320 decerni,
652 1244 763 1303 utrum
789 1239 894 1304 multa
923 1261 962 1304 ex
989 1237 1057 1303 illis
1087 1237 1328 1320 antiquioribus
1355 1238 1477 1303 lexico·

354 1347 490 1429 graphis
533 1348 568 1412 in
609 1347 752 1413 Pollucis
803 1349 1070 1432 compilationem
1117 1347 1311 1412 transierint
1357 1369 1475 1428 necne;

354 1456 474 1520 nedum
500 1461 537 1521 ut
567 1457 789 1523 demonstrari
819 1459 935 1542 possit,
968 1455 1018 1523 vel
1050 1477 1150 1522 unum
1182 1455 1301 1521 horum
1336 1456 1476 1541 scripto·

355 1588 428 1630 rum
465 1566 507 1631 ab
544 1567 617 1649 ipso
653 1555 785 1633 Polluce
827 1575 1023 1653 usurpatum
1060 1587 1141 1632 esse.
1191 1566 1254 1648 En,
1292 1567 1476 1651 producam

354 1673 519 1742 clarorum
533 1674 842 1758 lexicographorum
855 1677 987 1758 longam
1011 1677 1147 1742 seriem:
1170 1682 1323 1743 Philotam
1341 1683 1433 1741 Coum
1442 1680 1475 1763 ¹),

354 1785 632 1864 Euphorionem²)‚
685 1792 878 1851 Nicandrum
925 1792 1162 1868 Colophonium,
1219 1791 1423 1853 Philemonem
1436 1790 1473 1874 ³),
1574 1811 1576 1816 ·

354 1915 554 1925 n————-...

440 1963 466 2029 1)
503 1960 629 2016 Philetas
659 1958 799 2015 Ἀτάκτων
834 1964 992 2032 fragmenta
1028 1963 1142 2031 collegit
1171 1964 1289 2017 Bcchius
1316 1961 1386 2016 Phil.
1424 1963 1476 2018 rel.

354 2060 381 2112 p.
400 2047 430 2097 rt
457 2060 528 2114 sqq.;
558 2061 590 2099 ex
614 2044 655 2100 eis
680 2047 846 2115 ἐκπωμάτων
874 2048 1039 2111 nominibus,
1071 2065 1140 2117 quae
1165 2064 1197 2101 ex
1220 2045 1347 2100 Philetas
1371 2047 1488 2115 glossis¹

354 2132 467 2184 enotata
485 2127 570 2182 habet
588 2129 757 2193 Athenaeus,
780 2132 886 2186 nullum
904 2138 1023 2202 apparet
1046 2131 1074 2185 in
1100 2130 1182 2200 parili
1200 2129 1321 2183 Pollucis
1340 2145 1475 2184 commen·

354 2212 462 2268 tatione
475 2212 514 2266 VI
526 2215 558 2264 95
573 2229 633 2282 sqq.
652 2213 706 2267 Sed
719 2230 781 2268 cum
792 2216 864 2270 Phil.
883 2232 929 2285 ap.
947 2216 1012 2271 Ath.
1030 2216 1069 2269 XI
1083 2216 1131 2268 783
1151 2215 1184 2271 D.
1204 2215 1238 2268 ci.
1251 2213 1359 2269 Poll.X
1374 2216 1476 2267 175.-

354 2295 484 2353 Ceterum
503 2314 573 2366 quae
592 2298 625 2352 de
643 2297 751 2366 poculis
770 2299 853 2355 docet
869 2301 967 2356 Pollux
984 2300 1022 2354 Vl
1035 2303 1068 2352 95
1088 2314 1148 2368 sqq.
1166 2315 1220 2353 non
1240 2313 1272 2352 er
1290 2298 1351 2365 ipso
1363 2297 1475 2366 quidem

354 2381 500 2448 Pamphilo
519 2381 659 2451 exscripta
682 2389 755 2446 sunt,
781 2385 825 2438 oui
848 2402 898 2439 sna
922 2385 1007 2440 debet
1029 2383 1057 2438 in
1084 2383 1250 2452 ἐκπωμάτων
1269 2381 1474 2436 enumeratione

355 2465 502 2521 undecimo
519 2466 590 2519 libro
607 2466 714 2520 inserta
726 2467 895 2532 Athenaeus,
916 2470 965 2524 sed
983 2487 1016 2524 ex
1028 2469 1132 2524 talibus
1146 2472 1221 2522 certe
1234 2465 1383 2534 compilata
1396 2463 1475 2519 libris

355 2567 423 2620 quos
444 2550 473 2604 iu
496 2550 592 2604 eadem
614 2567 644 2605 re
667 2551 829 2622 Pamphilus
854 2569 962 2623 quoque
986 2553 1138 2624 usurpavit.
1174 2551 1269 2605 Veluti
1290 2566 1360 2619 quae
1383 2549 1425 2604 XI
1443 2550 1476 2601 26

355 2650 382 2702 p.
395 2636 445 2687 783
463 2632 485 2688 E
503 2635 610 2704 profert
622 2636 796 2691 Athenaeus:
816 2637 1084 2707 intimaveruntque
1103 2637 1155 2689 ἀπὸ
1174 2638 1222 2688 τοῦ
1242 2635 1371 2704 βασιλέως
1387 2629 1476 2686 Ἀντι-

355 2715 1475 2794 γωώωώωωωωὼωπωωὼψπωωωψω

358 2817 390 2854 er
409 2802 505 2856 eodem
524 2804 601 2857 fonte
619 2804 759 2860 fluxerunt
770 2809 853 2876 atque
866 2805 989 2862 Pollucis
1002 2806 1030 2858 in
1042 2805 1057 2873 ξ
1070 2807 1102 2857 96
1116 2805 1149 2859 de
1162 2805 1206 2859 his
1218 2801 1326 2873 poculis
1339 2801 1475 2866 doctrina,

356 2889 387 2939 ut
406 2902 499 2940 eorum
518 2903 569 2957 ope
580 2889 682 2942 'sanari
699 2890 789 2959 possit
805 2890 928 2945 Pollucis
945 2891 1033 2945 locus.
1058 2889 1133 2943 Haeo
1153 2887 1226 2942 enim
1243 2885 1308 2941 libri
1324 2884 1474 2955 praebent:

357 2970 509 3040 ἀντιηονίδα
529 2972 569 3038 (ἄν
589 2990 629 3030 τις
648 2971 728 3038 εἴποι)
747 2974 792 3026 καὶ
811 2975 954 3028 serenatos
975 2975 1021 3026 aci
1038 2971 1149 3044 ροδιάδα
1171 2972 1188 3043 ἢ
1213 2969 1326 3042 ῥοδιακὰ
1346 2970 1397 3023 ἀπὸ
1420 2977 1474 3022 τῶν

356 3057 542 3126 χρησαμένων.
579 3055 683 3121 Quibus
707 3055 735 3110 in
757 3057 849 3113 verbis
872 3059 973 3113 ialsum
998 3075 1058 3112 esse
1079 3057 1149 3112 illud
1166 3055 1184 3126 ἢ
1204 3053 1315 3126 potiori
1332 3052 1474 3108 Bekkerus

355 3137 511 3204 intellexit;
530 3143 605 3195 certe
623 3141 748 3213 pelicatu
768 3143 825 3198 dici
842 3142 963 3198 debebat
984 3143 1031 3209 (cf.
1047 3141 1167 3212 Hesyoh.
1191 3139 1269 3193 Phot.
1288 3156 1310 3194 s.
1327 3155 1353 3194 ν.
1372 3138 1474 3194 Athen.

354 3219 1475 3298 Xfflffihfflwmwmwwmmmfflwwffl

355 3303 466 3374 ροδιάδα
483 3305 639 3363 Polemonis
657 3310 736 3364 locus
755 3327 798 3380 ap.
817 3312 918 3367 Athen.
931 3313 969 3367 Xl
983 3315 1031 3366 497
1050 3310 1073 3364 P
1091 3309 1271 3368 demonstrat,
1289 3321 1343 3359 non
1362 3306 1474 3360 demon-

355 3390 436 3451 strat,
454 3405 504 3443 vas
523 3390 681 3446 rhodiacum
700 3397 764 3464 apte
783 3395 844 3460 ,ἀπὸ
862 3405 917 3450 τῶν
930 3391 1115 3470 χρησαμένων’
1134 3392 1190 3448 dici
1206 3407 1305 3446 nomen
1323 3392 1474 3461 accepisse.

354 3471 497 3541 Tsssstlutm
521 3474 652 3533 κώθωνας
677 3476 731 3531 soli
749 3478 913 3536 siccaverint
930 3477 1149 3541 Lacedaemonii,
1174 3475 1273 3530 κόνδυα
1296 3475 1348 3530 soli
1367 3473 1473 3544 Cappa-

355 3554 453 3610 doces!
490 3558 670 3614 Scribeudum
687 3561 773 3630 igitur
791 3578 904 3617 censeo:
927 3562 983 3615 ἀντ.
1007 3563 1052 3614 καὶ
1075 3559 1215 3614 αελευαίδα
1238 3560 1282 3612 καὶ
1305 3559 1474 3630 eporedia

355 3639 424 3706 (sire
443 3643 556 3713 aperibo
573 3644 668 3710 malis;
681 3662 752 3707 ,nam
769 3645 913 3716 analogiae
931 3649 1048 3714 utraque
1066 3645 1155 3700 lorum
1173 3643 1330 3710 convenit).

441 3731 467 3794 2)
484 3726 626 3798 Euphorio
645 3747 710 3784 num
722 3732 897 3797 Hippocratis
912 3733 1024 3785 tautum
1038 3728 1109 3788 λέξιν
1128 3726 1280 3795 collegerit
1300 3743 1335 3780 an
1352 3727 1473 3782 oninium

354 3809 490 3866 clarorum
508 3814 675 3883 scriptorum
693 3816 801 3884 glossas
825 3830 872 3868 sex
889 3811 968 3868 libris
986 3811 1272 3882 explanandarum
1290 3811 1403 3866 dubium
1422 3813 1473 3872 est,

354 3898 503 3965 postquam
525 3896 550 3952 is
575 3899 622 3968 qui
645 3898 716 3956 illud
739 3899 927 3954 demonstrare
957 3897 1033 3951 visus
1057 3899 1118 3951 erat
1141 3897 1271 3950 Meineloo
1301 3897 1373 3952 anal.
1396 3895 1472 3949 Alex.

355 3995 382 4044 p.
400 3983 441 4035 29.
460 3983 501 4043 62,
524 3981 651 4036 Erotiaui
667 3982 744 4037 locus
763 3983 876 4038 sociatis
894 3984 929 4035 M.
949 3982 1088 4035 Schmidtir‘
1104 3980 1226 4051 (Didym.
1248 3997 1275 4049 p.
1294 3984 1337 4048 24)
1362 3981 1473 4034 Krousa-

354 4081 405 4132 que
426 4063 530 4120 viribus
549 4067 667 4133 genuino
686 4066 771 4121 nitorl
794 4067 851 4121 sive
874 4067 955 4122 malis
977 4065 1143 4121 obscuritati
1166 4082 1232 4120 suae
1256 4065 1403 4120 restitutus
1421 4066 1473 4126 est.

439 4238 465 4302 ³)
483 4237 628 4293 Philemon
646 4254 708 4292 cum
726 4241 755 4292 et
777 4237 805 4291 in
827 4234 897 4292 libro
921 4236 981 4309 περὶ
1002 4237 1178 4289 παντοδαπῶν
1197 4232 1367 4307 χρηστηρίων
1391 4233 1421 4285 et
1443 4229 1472 4284 in

355 4316 484 4387 γλώσσαις
505 4322 539 4376 do
559 4322 674 4388 parribus
697 4322 787 4389 egisse
806 4320 917 4376 dicatur
940 4321 975 4376 ab
994 4321 1137 4376 Athenaeo
1163 4317 1276 4372 111114
1299 4315 1356 4385 ΒρΕ
1380 4319 1408 4371 et
1432 4314 1471 4370 lli
