3344 5126
920 424 960 487 66

381 606 428 670 cis
459 602 705 691 perlustrandis
736 607 879 689 optimos
917 627 1068 690 quosque
1099 607 1200 673 duces
1238 608 1499 691 praeoptavisse.

378 715 576 799 Quanquam
608 715 721 781 licebit
755 716 845 781 ultra
883 715 970 781 hano
1004 718 1213 802 conjecturae
1242 717 1501 784 imbecillitatem

377 825 586 910 aliquantum
608 825 775 911 progredi.

463 937 608 1002 Primum
629 944 745 1018 perani
767 937 957 1005 saltationis
975 939 1231 1025 descriptionem
1253 958 1293 1002 ex
1306 943 1503 1003 Dicaearchi

375 1044 445 1132 περὶ
469 1051 622 1130 μουσικῶν
652 1046 777 1131 ἀγώνων
807 1050 1122 1134 commentatione,¹)
1151 1047 1261 1132 amplo
1299 1053 1339 1112 ut
1369 1046 1501 1112 videtur

378 1157 469 1241 operi
499 1158 538 1223 de
560 1158 639 1224 Vita
668 1159 869 1224 Graecorum
897 1159 1033 1241 inserta,
1056 1159 1211 1226 hausisse
1225 1157 1339 1224 Iubam
1355 1162 1497 1239 apparet

382 1266 513 1334 collatis
536 1268 670 1336 Polluce
692 1269 737 1333 IV
764 1273 819 1335 101
846 1274 880 1334 et
901 1268 1080 1337 Plutarcho
1103 1267 1199 1335 Thes.
1220 1273 1270 1333 21.

461 1379 565 1446 Multo
588 1378 714 1445 certius
731 1387 791 1459 est,
809 1379 934 1446 ceteris
949 1379 1041 1445 illum
1063 1377 1268 1462 frequentius
1287 1376 1497 1443 consuluisse

381 1494 552 1575 Tryphonis
568 1496 778 1556 Alexandrini
791 1490 894 1556 libros
909 1485 978 1574 περὶ
995 1489 1178 1574 ὀνομασιῶν;
1199 1487 1321 1573 quade
1343 1509 1378 1553 re
1395 1506 1498 1573 supra

376 1602 419 1681 (p.
443 1604 510 1683 47.)
534 1600 656 1668 monui.
699 1602 791 1667 Inter
814 1599 997 1685 Tryphonis
1024 1600 1135 1668 fontes
1156 1597 1414 1682 Aristophanem
1434 1595 1498 1680 By·

376 1709 522 1775 zantium
547 1710 651 1777 fuisse
675 1711 808 1779 scimus.
852 1711 1005 1777 Ceterum
1027 1717 1209 1792 allionysio
1229 1707 1414 1794 Tryphonis
1437 1711 1498 1774 aut

375 1818 442 1886 filio
458 1828 518 1887 aut
535 1821 699 1905 discipulo
715 1821 804 1887 illius
822 1821 1063 1889 onomastieum
1077 1828 1274 1890 renovatum
1294 1839 1369 1884 esse
1384 1824 1495 1900 atque,

376 1937 414 1995 ut
443 1930 521 1996 mihi
558 1932 691 2015 quidem
721 1933 866 2013 videtur,
903 1932 1153 2016 amplificatum,
1188 1929 1262 1997 ideo
1299 1927 1496 1994 monendum

377 2039 464 2122 duxi,
493 2042 572 2124 quia
600 2063 672 2106 earm
703 2043 759 2126 qui
781 2042 843 2108 hoc
867 2041 1074 2108 demonstrat
1096 2039 1258 2108 Athenaei
1285 2039 1393 2105 locum
1420 2037 1496 2104 XIV

377 2153 438 2213 640
474 2151 499 2214 F
535 2156 591 2216 641
630 2152 657 2215 A
691 2172 866 2236 perperam
902 2153 1062 2219 intellexit
1106 2157 1251 2218 Velsenus
1283 2149 1401 2235 Tryph.
1440 2147 1496 2214 rel.

376 2261 534 2343 p.101.2)

458 2372 528 2438 Iam
558 2393 635 2439 rero
672 2379 842 2456 Westplruln'
873 2374 1035 2459 quaedam
1066 2371 1308 2441 consideranda
1337 2375 1390 2436 est
1417 2389 1495 2436 con·

372 2481 516 2564 jectura,
554 2485 611 2569 qui
645 2486 680 2551 in
711 2485 854 2552 historia
888 2491 1029 2552 musices
1065 2484 1186 2551 veteris
1224 2506 1255 2568 p.
1284 2486 1325 2548 96
1362 2486 1396 2546 et
1434 2485 1493 2546 167

375 2611 603 2675 quaecumque
620 2593 660 2659 de
679 2600 752 2660 arte
766 2595 1066 2681 instrumentisque
1087 2594 1223 2661 musicis
1246 2591 1365 2659 doceat
1379 2590 1495 2658 Pollux

376 2721 415 2765 ex
439 2705 599 2782 nypnone
620 2702 742 2771 hausta
770 2727 844 2772 esse
874 2707 985 2773 edixit.
1029 2705 1104 2774 Non
1134 2703 1256 2789 adjecit
1283 2705 1494 2784 argumenta3

374 2811 433 2875 sed
455 2832 541 2895 quae
572 2813 640 2880 sint
663 2817 786 2883 sentire
808 2818 886 2883 mihi
909 2819 1032 2886 videor.
1069 2817 1139 2898 Ego
1162 2833 1238 2880 vero
1261 2833 1326 2879 non
1353 2831 1493 2895 possum

371 2921 451 3004 quin
488 2926 537 2988 ita
565 2929 696 2998 tantum
733 2928 904 2995 adsentiar
938 2929 1008 2995 viro
1044 2927 1193 3010 egregio,
1230 2929 1270 2990 ut
1308 2918 1492 3006 Tryphonis

371 3032 503 3114 quidem
525 3033 697 3102 doctrinae
727 3038 871 3124 amplam
893 3044 1021 3123 partem
1043 3038 1078 3101 in
1100 3034 1233 3102 Polluce
1255 3037 1383 3098 restare
1407 3029 1492 3095 satis

369 3143 584 3223 probabiliter
607 3146 712 3212 conici
736 3170 837 3233 posse
859 3148 1045 3230 concedam,
1067 3147 1176 3233 ipsum
1193 3142 1407 3226 Tryphonem,
1430 3140 1492 3204 hac

373 3251 505 3332 quidem
534 3254 567 3316 in
596 3263 701 3338 parte,
733 3279 754 3323 a
777 3259 911 3325 Polluce
933 3261 1120 3342 inspectum
1143 3277 1217 3322 esse
1239 3274 1362 3335 negem.
1406 3251 1490 3317 Nam

372 3362 401 3427 si
416 3361 490 3445 ipso
507 3362 693 3448 Tryphonis
710 3387 808 3450 opere
824 3369 989 3434 Pollucem
1012 3391 1109 3434 usum
1125 3388 1199 3434 esse
1215 3366 1373 3443 dicamne,
1394 3362 1491 3448 plane

372 3494 437 3539 non
460 3471 662 3541 intellecturi
687 3476 798 3559 simus,
822 3480 987 3562 quomodo
1004 3479 1128 3546 sactum
1153 3477 1205 3558 sit,
1227 3481 1266 3542 ut
1280 3473 1332 3537 hic
1347 3493 1488 3555 prorsus

369 3585 482 3652 eodem
513 3605 553 3650 ac
576 3591 654 3652 Iuhn
676 3588 774 3654 modo
797 3589 1009 3673 explicaverit
1031 3587 1120 3654 haud
1144 3606 1268 3674 pauca,
1298 3601 1382 3666 quae
1411 3601 1488 3645 num

369 3704 624 3764 commemorata
646 3698 729 3766 adeo
752 3699 875 3765 fuerint
896 3720 917 3764 a
939 3699 1123 3783 Tryphone,
1145 3721 1210 3766 non
1235 3703 1319 3766 satis
1346 3706 1488 3767 constat.

369 3807 493 3876 Contra
515 3805 698 3891 Tryphonis
728 3809 939 3896 Pollucisque
963 3810 1076 3876 multis
1099 3810 1132 3874 in
1160 3810 1260 3877 rebus
1284 3810 1487 3877 unanimitas

371 3917 459 3982 unde
489 3925 563 3983 orta
591 3918 644 3992 sit,
673 3917 865 4001 planissime
887 3920 936 3984 ita
958 3919 1188 4002 intellegimus,
1210 3927 1249 3986 ut
1269 3927 1371 3987 Jubae
1393 3921 1486 3987 libris

372 4049 573 4060 ψ

443 4108 467 4170 1)
486 4103 540 4159 Cui
557 4104 609 4159 hoc
626 4104 681 4175 lrg.
697 4103 759 4174 jure
777 4103 879 4160 tribuit
894 4105 1041 4160 Muellerus
1061 4105 1127 4161 hist.
1146 4122 1188 4176 gr.
1206 4108 1234 4162 11
1252 4110 1310 4162 250.

437 4192 463 4256 2)
480 4189 508 4243 Is
526 4188 598 4246 enirn
618 4190 651 4244 de
669 4191 841 4245 librariorum
860 4205 952 4245 errore
970 4190 1114 4261 cogitarit,
1139 4207 1210 4259 qnae
1227 4191 1381 4261 Tryphonis
1405 4192 1486 4246 crant

368 4272 418 4328 sub
444 4274 566 4344 Dionysii
587 4274 696 4329 nomine
721 4273 893 4329 iterantium.
932 4274 986 4330 Sed
1013 4276 1136 4342 Dionysii
1163 4291 1261 4331 nomen
1289 4293 1354 4330 num
1378 4276 1411 4330 de
1437 4292 1487 4329 suo

369 4357 541 4414 adinvenisse
559 4360 630 4414 istos
650 4358 829 4429 putabimus?
