3344 5126
884 384 925 444 70

432 573 578 638 Primum
610 567 700 652 quod
723 564 753 629 αἱ
781 569 899 651 πρῶται
927 560 1068 650 ἁρμονίαι
1100 571 1262 632 vocantur
1285 566 1376 651 apud
1398 567 1473 634 Pol-

348 683 455 746 lucem
482 683 500 766 ᾖ
527 686 566 745 65
593 677 726 760 Dorica,
753 675 875 758 Ionica,
904 675 1047 754 Aeolica,
1077 674 1111 738 id
1142 682 1312 759 sumptum
1341 676 1473 743 videtur

354 813 392 856 ex
413 789 598 857 Heraclidis
623 786 850 872 disputatione
873 786 915 850 ab
931 783 1099 852 Athenaeo
1116 785 1191 850 XIV
1207 791 1268 852 624
1284 787 1313 850 Ι)
1330 793 1473 855 servata.

357 901 437 967 Cum
461 900 574 968 eodem
599 904 736 963 auctore
759 895 862 979 (apud
884 895 969 960 Plut.
998 917 1081 960 mus.
1105 900 1139 979 8>
1162 917 1201 961 ea
1223 918 1358 980 quoque
1381 897 1415 962 in
1438 919 1474 962 re

353 1013 518 1080 consentit
547 1007 665 1073 Pollux
692 1005 781 1090 quod
811 1012 965 1099 nulettcas
995 1004 1186 1072 harmonias
1221 1013 1318 1072 vocat
1352 1003 1474 1091 δωριστὶ

352 1119 403 1186 καὶ
426 1116 563 1208 φρυγιστὶ
583 1114 634 1181 καὶ
657 1111 773 1180 λυδιστὶ
789 1095 999 1212 (talassiae
1015 1111 1066 1177 nni
1089 1113 1226 1180 σύντονον
1244 1113 1375 1205 λυδιστί)
1390 1123 1410 1200 ᾗ
1427 1123 1476 1184 78.

352 1232 443 1297 Haec
473 1232 538 1296 duo
566 1227 758 1319 testimonia
785 1245 845 1290 nec
874 1209 1025 1309 hugnant
1054 1226 1187 1308 interse,
1211 1267 1252 1274 -
1275 1249 1360 1311 qnae
1392 1227 1475 1292 mira

354 1348 405 1407 est
435 1340 583 1427 opinatio
612 1345 646 1404 H.
683 1342 864 1404 Volkmannt
891 1336 947 1416 (ad
974 1335 1061 1400 Plut.
1092 1358 1175 1402 mus.
1205 1360 1236 1422 p.
1258 1343 1321 1420 87),
1345 1338 1413 1402 illic
1436 1338 1476 1402 de

357 1448 571 1517 eitharodicis
601 1447 783 1515 harmoniis
822 1467 1004 1513 sermonem
1039 1447 1124 1527 fieri,
1158 1447 1210 1511 hic
1241 1447 1281 1513 de
1314 1448 1477 1529 auleticis‚

355 1561 448 1630 obliti
470 1599 511 1610 —
534 1565 567 1625 et
597 1559 771 1625 verissima
804 1558 936 1624 docent:
966 1557 1005 1622 cf.
1044 1563 1213 1640 Westphul.
1240 1557 1314 1624 hist.
1339 1580 1422 1624 mus.
1444 1582 1476 1642 p.

361 1679 419 1737 167
452 1693 500 1754 sq.
528 1675 622 1735 metr.
652 1669 740 1750 gal
769 1674 829 1732 277
853 1668 903 1736 ed.
926 1668 1050 1734 noviss.
1093 1670 1181 1735 Num
1210 1669 1381 1736 Lecticam
1404 1669 1480 1732 har-

361 1783 505 1849 moniam
536 1779 792 1862 a·Xenocrito¹)
816 1780 982 1845 inventam
1005 1801 1079 1846 esse
1100 1780 1178 1846 item
1201 1786 1240 1845 ut
1262 1780 1378 1845 Pollux
1399 1779 1416 1864 ξ
1440 1785 1479 1844 65

360 1891 511 1960 docuerit
532 1888 740 1968 Heraclides,
764 1889 971 1973 ignoramus;
994 1912 1034 1957 ea
1056 1890 1222 1956 tamenin
1244 1912 1279 1956 re
1303 1890 1479 1956 dissentire

360 2003 442 2069 adeo
466 2003 589 2066 interse
611 2004 752 2084 possunt
774 2000 895 2081 videri,
926 2001 1016 2083 quod
1040 1999 1242 2086 Anthippum
1265 2006 1382 2083 Lydiae
1403 2000 1480 2064 har-

359 2111 488 2178 moniae
503 2112 706 2177 inventorem
721 2116 819 2176 vocat
833 2110 1025 2176 Heraclides
1048 2111 1148 2193 (Plut.
1166 2118 1204 2176 16
1226 2112 1305 2198 fin),
1327 2116 1480 2192 Santono-

359 2230 462 2307 lydiae
476 2221 625 2306 Pollux§
642 2226 692 2286 78.
728 2219 792 2286 Sed
815 2212 889 2286 cum
906 2243 1017 2287 verum
1043 2221 1087 2288 sit
1102 2221 1192 2305 quod
1211 2229 1327 2289 Pollux
1341 2220 1481 2288 tradidit

359 2335 414 2424 (cf.
434 2329 612 2416 Westphal.
639 2329 717 2397 hist.
748 2317 844 2399 mus(
860 2355 891 2415 p.
917 2337 974 2396 147
1000 2330 1074 2420 sq.)‚
1105 2332 1206 2398 nolim
1230 2333 1269 2398 de
1292 2331 1477 2397 Heraclidis

359 2445 528 2528 Iubaeque
558 2440 713 2507 dissensu
744 2442 890 2524 cogitare
921 2442 979 2506 sed
1010 2442 1050 2507 de
1078 2442 1246 2508 Plutarchi
1275 2443 1480 2526 neglegentia

360 2554 495 2639 Lydiam
527 2552 678 2619 vocantis
713 2573 814 2636 quam
838 2552 1109 2638 Syntonclydiam
1139 2553 1331 2619 accuratius
1363 2573 1481 2619 vocare

363 2664 504 2731 debebat
526 2663 739 2731 harmoniam.
768 2662 932 2729 Nimirum
957 2664 1091 2748 saepius
1114 2664 1147 2728 in
1171 2664 1233 2731 hcc
1248 2662 1357 2730 libello
1373 2661 1481 2729 minus

366 2782 561 2842 accuratum
585 2770 859 2858 deprehendimus
882 2774 1107 2841 Plutarchum.

445 2885 575 2952 Certior
605 2882 704 2948 etiam
731 2890 784 2950 est
811 2885 845 2948 iu
880 2890 1055 2966 Terpandri
1084 2892 1180 2952 nemis
1190 2887 1217 2972 2)
1246 2883 1478 2951 enumerandis

363 2997 507 3063 Pollucis
537 3015 611 3060 cum
634 2993 809 3060 Heraclide
839 3015 1031 3061 consensus.
1075 2997 1222 3074 Quorum
1243 2994 1298 3060 ille
1319 2995 1401 3061 haec
1423 2994 1481 3059 ha-

363 3108 419 3172 bet
446 3115 462 3186 §
489 3111 544 3173 65:
575 3106 661 3188 νόμοι
689 3103 722 3168 δὲ
744 3103 772 3169 οἱ
789 3103 966 3190 Τερπάνδρν
982 3104 1041 3170 ἀπὸ
1065 3106 1120 3190 μὲν
1141 3111 1201 3170 τῶν
1223 3106 1322 3171 ἐθνῶν
1346 3099 1421 3186 ὅθεν
1435 3105 1481 3189 ἢν,

366 3214 492 3286 Αἰόλιος
515 3211 566 3277 καὶ
588 3213 743 3293 Βοιώτιος,
766 3214 875 3279 ἀπὸδὲ
898 3215 1023 3300 ῥυθμῶν
1046 3215 1149 3302 ὄρθιος
1172 3213 1224 3280 καὶ
1244 3215 1398 3303 τροχαῖος,
1422 3216 1481 3279 ἀπὸ

367 3325 401 3390 δὲ
423 3327 573 3414 τρόπων3)
596 3323 659 3396 ὀξὺς
681 3325 731 3388 καὶ
754 3317 974 3410 τετραῴθιοςβ)
997 3326 1056 3391 ἀπὸ
1080 3328 1114 3392 δὲ
1137 3326 1213 3390 adsis
1235 3323 1286 3391 καὶ
1309 3334 1348 3390 τῦ
1367 3327 1483 3411 ἐρωμέ-

355 3457 417 3501 νου
448 3434 667 3522 Τερπάνδρειος
694 3432 745 3500 καὶ
776 3433 912 3500 Καιπίων.
965 3437 1170 3514 Quibuscum
1195 3439 1307 3505 confer
1330 3459 1416 3522 quae
1445 3458 1484 3502 ex

368 3548 542 3614 Heraclide
573 3548 805 3634 transscripsit
834 3544 1032 3615 Plutarchus
1055 3570 1082 3616 c.
1105 3554 1140 3613 4:
1160 3546 1297 3620 Ἐκεῖνος
1319 3556 1373 3633 νῦν
1394 3548 1485 3632 (Ter-

368 3691 569 3702 ..η-ρ...-

440 3754 466 3823 1)
484 3752 614 3813 Φιλοξένο
632 3753 664 3806 τὸ
684 3750 788 3824 εὕρημα
798 3751 878 3817 libri3
896 3752 945 3805 sed
962 3752 1138 3808 Xenocritnm
1154 3751 1259 3807 Polluci
1274 3750 1336 3821 jure
1359 3748 1486 3806 restituit

377 3840 541 3907 Wesqrtalus
559 3838 639 3892 metr.
657 3837 672 3890 Ι
690 3840 749 3893 286.
766 3837 810 3905 (cf.
830 3837 913 3892 schol.
931 3836 1011 3891 Pind.
1030 3835 1072 3891 Ol.
1091 3835 1131 3890 XI
1150 3839 1200 3906 17.)

440 3924 466 3988 2)
484 3922 525 3976 De
548 3920 646 3991 quihus
670 3922 703 3974 cf,
731 3922 870 3992 Weslplral.
893 3920 959 3976 hist.
983 3938 1051 3977 mus.
1074 3939 1100 3992 p.
1126 3923 1157 3975 73
1177 3940 1218 3992 sq.
1236 3923 1317 3976 metr.
1337 3938 1377 3991 gr.
1396 3921 1410 3974 Ι
1429 3918 1486 3972 272.

372 4011 430 4066 286.
448 4008 478 4062 II
497 4010 545 4060 279
564 4022 604 4076 sq.
623 4005 665 4060 ed.
681 4005 782 4059 noviss.

442 4094 469 4163 3)
488 4090 583 4146 Τόπων
603 4089 775 4146 scribendum
792 4090 907 4160 conjecit
930 4092 1069 4161 Weslptul.
1087 4094 1114 4147 h.
1134 4109 1202 4147 mus.
1220 4110 1246 4161 p.
1266 4091 1298 4143 86
1317 4089 1355 4145 in.

443 4183 470 4250 4)
497 4179 541 4233 Ita
567 4177 721 4241 Belrkerus,
750 4193 809 4230 cum
836 4177 868 4230 A.
896 4178 927 4229 ut
954 4175 1072 4232 videtur.
1103 4176 1258 4249 τετροοιδότ
1286 4173 1307 4230 (l
1336 4165 1487 4240 (Palatinus

375 4263 584 4332 langermanni)
603 4265 631 4316 et
647 4261 766 4316 Kuehnii
788 4260 939 4315 Vossianus.
963 4261 1128 4332 τετροοίδιος
1154 4265 1241 4326 recte,
1264 4264 1296 4315 ut
1317 4263 1399 4329 puto,
1421 4257 1487 4314 scri·

375 4347 494 4402 bendum
512 4350 605 4402 censet
624 4348 752 4414 Bequtus
768 4346 819 4417 lyr.
837 4362 878 4416 gr.
897 4345 939 4403 ed.
957 4345 1002 4400 ΙΙΙ
1020 4363 1045 4418 p.
1065 4347 1123 4404 812.
