3344 5126
713 425 751 484 19

173 631 313 694 quorum
334 606 444 673 nullus
471 603 694 689 Aristophane
715 604 813 688 plura
841 607 874 668 et
902 602 1040 668 meliora
1067 602 1291 669 contribuerit.

173 722 278 799 Quem
299 738 377 784 vero
398 717 470 800 ipse
499 713 615 780 Pollux
648 714 765 779 ducem
793 719 926 778 secutus
955 713 1014 788 sit,
1046 712 1082 777 id
1103 713 1293 794 neutiquam

174 831 433 894 demonstratum
455 829 521 905 est,
544 824 579 888 in
599 823 700 890 rebus
721 822 918 907 pracsertim
940 822 1102 889 scaenicis
1124 822 1178 886 cui
1200 841 1294 886 suam

175 938 361 1004 doctrinam
383 934 504 1002 debeat
532 934 677 1000 nondum
703 932 932 999 intelleximus.
975 932 1100 998 Verum
1126 935 1186 996 est.
1230 929 1295 995 Sed
1393 943 1396 949 ·

175 1067 254 1114 cave
277 1046 339 1112 hoc
361 1045 444 1112 mihi
466 1044 584 1129 culpae
599 1050 718 1110 vertas.
754 1043 840 1108 Nam
855 1043 1032 1128 desperata
1053 1061 1133 1107 eane
1154 1059 1208 1107 res
1230 1044 1294 1119 est,

176 1179 250 1222 cum
270 1177 356 1240 quae
377 1154 484 1240 primo
507 1154 626 1220 obtutu
647 1153 752 1221 videri
773 1153 902 1238 possint
924 1174 1020 1218 usum
1036 1152 1179 1235 aliquem
1200 1169 1296 1235 prae·

174 1268 253 1333 bere
276 1267 343 1332 alia
365 1263 530 1344 subsidia,
562 1262 669 1332 lexica
691 1266 781 1348 dico,
815 1285 855 1330 ea
883 1263 966 1329 nulli
995 1263 1126 1327 omnino
1156 1259 1296 1326 utilitati

176 1377 257 1458 sint,
278 1376 344 1441 uisi
366 1377 404 1439 ut
431 1369 545 1439 eorum
574 1395 637 1461 ope
663 1376 766 1442 veteri
795 1374 966 1456 solidoque
992 1373 1207 1438 fundamento
1236 1389 1296 1433 sua

179 1486 446 1569 superstruxisse
466 1485 583 1551 Pollux
604 1484 824 1550 demonstrari
851 1483 967 1568 possit.
1011 1483 1059 1548 De
1087 1482 1186 1548 rebus
1208 1499 1296 1544 seae-

180 1601 260 1660 ntcis
281 1614 497 1677 quaecuuque
519 1595 642 1660 seimus
664 1602 723 1661 aut
750 1593 877 1659 Polluci
905 1591 1061 1658 debemus
1090 1593 1149 1656 aut
1176 1589 1296 1655 ceteris

177 1703 305 1784 lexicis3
324 1703 393 1788 jam
408 1704 462 1768 dic
477 1703 568 1782 mihi,
590 1725 626 1770 re
640 1704 689 1768 ita
703 1709 741 1768 ut
755 1699 977 1769 demonstravi
996 1705 1197 1786 comparata,
1211 1698 1297 1763 unde

177 1812 311 1879 tandem
332 1813 446 1897 alique
467 1835 543 1879 cum
558 1813 757 1879 certitudine
772 1811 915 1878 Pollucis
937 1811 991 1876 his
1012 1811 1047 1876 iu
1068 1810 1167 1875 rebus
1189 1809 1296 1874 fontes

177 1923 359 2007 poterimus
382 1923 603 2003 cognoscere?
647 1922 718 1988 Hoc
739 1944 840 1988 unum
861 1921 950 1987 volui
976 1919 1076 2003 longa
1104 1919 1171 1984 ista
1198 1939 1297 2002 quam

177 2032 335 2117 praemisi
357 2032 582 2118 disputatione
604 2033 768 2114 evincere,
791 2032 936 2115 antiquis
958 2029 1138 2113 probisque
1159 2028 1298 2093 Alexan-

179 2141 350 2208 drinorum
372 2142 544 2209 doctrinae
566 2141 681 2225 copiis,
704 2141 815 2206 multis
838 2141 979 2206 fortasse
1005 2137 1299 2217 intercedentibus,

179 2258 214 2317 at
234 2273 332 2318 usum
352 2257 465 2317 tamen
491 2271 564 2318 esse
591 2251 771 2317 Pollucem:
807 2251 942 2336 uthina
972 2251 1012 2316 de
1040 2247 1233 2314 auctoribus
1264 2246 1299 2310 in

178 2367 343 2445 apparatu
365 2360 518 2426 scaenico
540 2359 758 2426 describendo
782 2382 803 2426 a
823 2361 955 2426 Polluce
978 2357 1138 2425 adhibitis
1166 2357 1201 2421 in
1226 2355 1299 2421 uni-

179 2489 309 2534 versum
332 2475 421 2534 certe
442 2467 515 2532 lieri
536 2469 644 2554 possit
665 2470 843 2537 conclusio.
887 2471 953 2535 Sed
980 2470 1079 2554 plura
1108 2467 1138 2531 si
1166 2464 1300 2550 expetis,

180 2577 254 2642 vide
277 2597 376 2659 quam
397 2576 518 2643 misere
533 2583 728 2661 comparata
751 2579 795 2642 sit
816 2599 870 2644 res
885 2583 1009 2643 nostra.
1045 2576 1083 2641 In
1106 2575 1298 2660 poculorum

179 2684 367 2750 nominibus
389 2669 599 2767 enarrandis,
629 2687 664 2751 in
685 2687 860 2770 unguentis
883 2687 1132 2768 enumerandis,
1154 2686 1190 2750 in
1210 2685 1299 2751 victu

180 2793 408 2876 describendo,
423 2795 500 2860 aliis
516 2796 549 2862 in
564 2796 665 2864 rebus
684 2798 811 2863 frivolis
832 2796 1034 2882 explicandis
1050 2817 1132 2880 quos
1148 2800 1300 2862 auctores

181 2908 316 2970 secutus
340 2904 384 2969 sit
405 2905 520 2971 Pollux
541 2906 683 2972 fortasse
706 2909 832 2991 poterit
853 2907 939 2974 erui:
962 2928 1038 2972 nam
1060 2907 1112 2972 his
1137 2906 1299 2973 derebus

179 3014 291 3097 largas
305 3014 459 3096 latasque
473 3013 716 3099 disputationes
730 3017 875 3083 instituit
888 3021 1085 3098 Athenaeus,
1108 3016 1165 3101 qui
1179 3015 1302 3100 gaudet

181 3123 357 3189 cumulatis
387 3128 534 3188 veterum
561 3126 763 3208 testimonie,
799 3127 834 3190 in
860 3127 960 3192 rebus
990 3126 1151 3193 scaenicis
1181 3125 1301 3210 quibus

180 3231 297 3298 Pollux
318 3253 399 3299 usus
423 3235 468 3300 sit
488 3234 648 3302 subsidiis
670 3234 739 3301 noli
770 3237 885 3302 mirari
907 3237 937 3302 si
958 3239 1006 3303 ita
1026 3259 1091 3302 non
1113 3241 1228 3323 potero
1250 3236 1299 3300 in-

179 3340 293 3408 dicare
315 3347 354 3407 ut
381 3350 523 3426 nequeat
552 3344 708 3410 dubitari.
762 3345 1086 3432 Lexicographorum
1113 3348 1148 3412 in
1175 3346 1239 3412 hac
1265 3365 1302 3410 re
1334 3419 1340 3428 ,

179 3472 276 3517 usum
297 3471 363 3518 non
392 3472 465 3518 esse
487 3453 761 3520 demonstravisse
783 3455 865 3519 mihi
887 3455 1008 3523 videor.
1059 3457 1152 3524 Unus
1180 3455 1303 3542 poterit

179 3561 214 3625 in
236 3580 371 3627 censum
397 3562 508 3628 venire
536 3568 727 3628 Athenaeus:
757 3565 815 3628 sed
844 3566 933 3648 apud
952 3566 1040 3632 hunc
1067 3566 1109 3632 dc
1136 3567 1236 3632 rebus
1258 3564 1303 3630 ad

181 3689 335 3738 scaenam
356 3671 490 3756 proprie
503 3672 746 3756 pertinentibus
760 3693 801 3737 ne
815 3677 869 3756 γρῦ
886 3673 1028 3756 quidem.
1064 3674 1176 3740 Nihilo
1194 3672 1303 3739 minus

180 3779 340 3863 numquid
362 3781 527 3862 possimus
550 3783 740 3868 conjectura
761 3781 896 3866 assequi
919 3783 1105 3849 conandum
1127 3788 1188 3850 est.
1238 3782 1304 3850 Sed

180 3909 222 3954 ea
236 3889 278 3954 de
293 3909 329 3954 re
343 3890 436 3974 prius
459 3892 611 3975 quaestio
632 3892 755 3977 poterit
775 3891 914 3974 institui,
936 3898 1049 3959 utrum
1062 3895 1186 3961 librum
1207 3915 1303 3960 suum

182 4019 222 4064 ex
253 3998 451 4082 antiquioris
485 4001 626 4066 alicuius
661 4002 868 4085 grammatici
905 4003 1108 4070 onomasticc
1138 4005 1302 4086 integrum

180 4108 448 4194 transscripserit
468 4109 593 4191 Pollux,
615 4131 658 4175 an
680 4132 719 4176 ex
733 4111 845 4176 multis
869 4112 909 4178 de
932 4112 1070 4194 singulis
1092 4113 1192 4178 rebus
1215 4132 1302 4177 com-

182 4218 356 4284 mentariis
392 4219 551 4302 tanquam
587 4221 794 4287 tessellatum
830 4241 914 4305 opus
951 4222 1181 4305 composuerit.
1239 4222 1302 4300 Qui

182 4327 482 4394 commodissimum
496 4329 689 4413 plerumque
703 4330 769 4395 iter
781 4329 871 4394 illius
886 4330 959 4394 aevi
972 4330 1122 4396 homines
1135 4331 1301 4398 litteratos

1061 4448 1098 4500 2*
