3344 5126
881 356 920 414 72

345 562 418 607 esse
447 559 564 605 censeo
594 543 654 602 aut
680 557 701 600 a
729 535 908 602 Plutarcho
937 543 999 602 aut
1021 537 1062 602 ab
1085 538 1157 604 eius
1180 538 1341 620 librariis;
1363 538 1464 624 idque

347 674 385 718 eo
408 648 609 729 credibilius,
640 647 719 731 quia
749 644 832 710 alias
861 645 961 712 etiam
983 639 1017 712 in
1039 648 1101 712 hac
1124 649 1372 715 enumeratione
1394 656 1464 714 tur-

346 764 407 829 bas
436 763 619 828 moverunt.
662 756 748 821 Nam
776 755 866 839 quod
894 753 958 828 ὀξύς
988 757 1198 840 subjungitur
1221 765 1386 845 tanquam¹
1412 779 1463 840 ge·

345 873 441 940 mello
465 871 631 950 trochaeo,
653 867 688 932 id
709 866 801 932 haud
824 867 928 933 dubie·
944 867 1067 934 falsum
1091 875 1151 947 est,
1175 889 1249 933 curn
1270 869 1324 932 hic
1347 889 1463 934 nomus

347 1006 368 1048 a
395 984 548 1068 rhythmo
577 1001 696 1046 nomen
718 979 885 1061 acceperit
912 984 945 1042 et
966 979 1152 1046 rectissime
1175 1001 1195 1044 a
1218 978 1338 1046 ceteris
1362 978 1463 1044 omni-

347 1095 410 1160 bus
443 1113 517 1158 cum
545 1097 646 1156 orthio
678 1089 898 1173 conjungatur
929 1088 982 1172 (cf.
1013 1090 1111 1156 etiam
1139 1091 1239 1154 Arist.
1267 1087 1400 1166 Quintil.
1433 1111 1463 1152 π.

351 1227 415 1287 ρος.
438 1205 453 1267 Ι
475 1225 506 1286 p.
529 1205 578 1280 35,
600 1206 630 1268 3.
646 1207 675 1264 4.
720 1196 866 1283 Westph.
890 1200 987 1282 [pone
1002 1199 1144 1284 primum
1160 1199 1332 1264 doctrinae
1353 1200 1465 1262 metri-

347 1335 406 1378 cae
428 1307 631 1397 volumenl),
654 1308 718 1391 ille,
743 1308 810 1373 sive
826 1329 847 1372 a
862 1314 967 1393 trop0,
992 1311 1070 1393 sive,
1095 1309 1183 1395 quod
1204 1307 1282 1372 mihi
1295 1307 1466 1391 persuasit
1535 1345 1540 1354 -

354 1429 549 1504 Wcstptalcs
578 1420 667 1506 (hist.
695 1440 780 1486 mus.
809 1442 842 1503 p.
867 1425 928 1500 86),
958 1441 978 1484 a
1008 1433 1080 1503 lopo
1111 1421 1220 1486 dictus
1244 1425 1304 1500 est,
1327 1436 1401 1482 oum·
1423 1428 1466 1482 tc-

349 1539 492 1599 trooedio
516 1535 661 1598 societur
687 1551 753 1594 non
775 1549 796 1593 a
818 1529 951 1596 Polluce
973 1537 1113 1610 tantum,
1138 1530 1196 1596 scd
1219 1530 1318 1596 etiam
1341 1550 1362 1592 a
1382 1529 1466 1595 Phc-

348 1645 394 1710 tio
418 1648 451 1707 et
475 1641 585 1722 Suida,
607 1647 641 1705 et
664 1661 738 1704 oum
762 1645 911 1704 trochaeo
935 1648 1023 1705 certe
1046 1640 1125 1706 nihil
1150 1660 1320 1707 commuue
1342 1638 1466 1705 habue-

346 1753 400 1819 rit.
446 1751 585 1816 Videtur
610 1749 713 1832 igitur
739 1750 954 1833 Plutarchus,
983 1752 1190 1819 exscribendi
1218 1752 1330 1817 labore
1358 1752 1466 1813 boule-

350 1884 460 1946 πρεπει
483 1861 642 1941 lassatus,
665 1880 763 1942 quem
792 1859 949 1926 trochaeo
966 1859 1143 1945 adjungere
1166 1862 1308 1928 debebat
1321 1859 1465 1927 orthium

346 1993 480 2039 nemum
515 1969 668 2035 omisisse
707 1991 869 2053 quemque
906 1970 1047 2036 debehat
1084 1971 1263 2037 tetraoedii
1294 1970 1466 2054 gemellum

349 2083 459 2147 dicere
495 2077 560 2150 ὀξύν
594 2077 751 2146 trochaeo
788 2078 1005 2166 copulasse.¹)
1054 2081 1170 2148 Pollux
1205 2088 1316 2146 autem
1353 2081 1467 2146 eodem
1515 2082 1517 2086 ’

348 2215 387 2258 ac
409 2188 610 2275 Plutarchus
627 2190 814 2256 Heraclidis
830 2190 916 2256 libro
933 2211 1123 2274 quanquam
1144 2192 1227 2257 Iuba
1243 2189 1466 2256 intercedente

346 2303 518 2386 aliquanto
555 2306 665 2365 tamen
693 2299 885 2364 accuratius
915 2323 998 2366 usus
1026 2307 1086 2366 cst.
1129 2303 1200 2366 lam
1222 2324 1300 2368 vero
1331 2301 1385 2381 cui
1407 2320 1466 2364 no·

347 2434 475 2479 morum
504 2389 790 2494 Terpandreorum
821 2410 953 2476 nomina
977 2410 1118 2478 debebat
1144 2413 1236 2494 luha,
1267 2433 1375 2479 noune
1399 2409 1466 2476 veri

351 2530 402 2589 est
433 2522 649 2602 simillimum,
673 2520 812 2586 eundern
847 2527 1018 2588 auctorem
1049 2523 1078 2587 ei
1100 2523 1249 2605 singulas
1278 2523 1368 2589 nomi
1388 2522 1465 2587 Ter-

349 2632 488 2718 pandrei
519 2636 632 2716 partes
661 2629 863 2696 tradidisse?
890 2632 935 2697 Ut
963 2633 1005 2698 ad
1028 2633 1237 2723 Heraclidem
1259 2634 1404 2700 fortasse
1427 2653 1466 2697 ea

349 2764 481 2827 quoque
504 2740 643 2806 redeant
664 2746 843 2822 auctorem,
868 2763 953 2824 quae
975 2742 1036 2808 hac
1060 2744 1099 2808 de
1121 2765 1156 2808 re
1179 2744 1221 2809 ab
1245 2765 1311 2809 uno
1333 2742 1466 2809 Polluce

350 2856 431 2940 §66
464 2852 633 2933 docemur3
665 2872 766 2935 quae,
794 2852 859 2917 etsi
887 2852 1098 2919 librariorum
1127 2855 1224 2937 culpa
1259 2852 1356 2919 hodie
1396 2860 1486 2918 tur?

348 2965 429 3030 bata
450 2963 613 3044 leguntur,
635 2967 745 3026 tamen
768 2969 801 3028 et
815 2963 949 3028 restitui
971 2985 1081 3046 posse,
1103 2984 1163 3030 nec
1186 2985 1262 3030 vero
1278 2985 1352 3030 cum
1378 2971 1468 3029 Voll-

350 3096 461 3140 manno
492 3073 549 3158 (ad
578 3072 664 3140 Plut.
695 3094 777 3139 mus.
808 3096 841 3156 p.
872 3076 946 3160 111)
974 3079 1135 3156 tanquam
1157 3073 1302 3141 Pollucei
1324 3074 1397 3139 aevi
1419 3075 1468 3138 in-

352 3191 449 3252 venta
477 3181 722 3248 inconsiderate
752 3183 938 3266 spernenda
965 3205 1038 3252 esse
1069 3190 1221 3251 Bccclchr't
1241 3189 1351 3271 (metr.
1373 3183 1466 3250 Pind.

350 3318 382 3380 p.
406 3294 481 3379 182)
505 3299 538 3357 et
573 3296 742 3372 Wesrpnao·
769 3293 858 3377 (hist
879 3317 962 3360 mus.
983 3318 1014 3378 p.
1041 3301 1090 3360 77.
1121 3301 1211 3360 metr.
1233 3317 1280 3378 gr.
1304 3296 1336 3362 ΙΙ
1359 3301 1464 3379 11279

353 3407 401 3472 ed.
423 3404 546 3472 noviss.
592 3402 640 3469 cf.
670 3402 817 3470 eiusdem
839 3404 872 3468 in
894 3405 1128 3471 venustissima
1153 3406 1192 3469 de
1215 3405 1335 3470 Catulli
1351 3406 1468 3471 carmi·

351 3514 750 3608 nibustcommentatione
771 3513 834 3579 hac
859 3514 898 3580 de
921 3538 955 3581 re
979 3536 1165 3597 excursum,
1187 3539 1219 3600 p.
1236 3522 1276 3582 73
1301 3518 1387 3601 sqq.)
1403 3516 1469 3580 dis-

353 3627 545 3711 putationes
567 3625 833 3710 probaverunt.¹)

425 3779 450 3846 1)
470 3777 627 3832 Heraclides
638 3778 694 3846 ipse
712 3779 779 3832 haec
796 3777 938 3847 scripsisse
957 3777 1109 3833 censendus
1122 3784 1179 3835 est:
1193 3808 1228 3822 -
1239 3780 1369 3853 τροχαῖόν
1381 3798 1411 3832 τε
1424 3781 1469 3832 καὶ

356 3861 483 3942 ὄρθιον,
493 3858 625 3931 Κηπίωνά
644 3879 674 3912 τε
692 3863 736 3914 καὶ
755 3861 949 3934 Τερπάνδρειον
969 3862 1069 3928 καλῶν,
1089 3863 1159 3916 ἀλλὰ
1172 3866 1224 3935 μὴν
1238 3865 1282 3918 καὶ
1296 3863 1468 3936 Τετραοίδιον

355 3947 410 4001 καὶ
437 3945 520 4007 ὀξύν.
561 3945 723 4000 Plutarchus
747 3949 853 4010 autem,
878 3964 938 4001 cum
963 3964 1010 4016 pro
1039 3948 1160 4020 »ὄρθιονι
1186 3949 1343 4019 scripsisset
1371 3948 1470 4016 ,,ὀξὺν,“

354 4035 425 4100 post,
443 4030 491 4085 nbi
508 4029 542 4084 ad
560 4029 609 4084 illa
626 4029 684 4096 „ael
703 4028 778 4090 ὀξύν·
794 4031 927 4100 pervenit,
954 4031 1013 4102 ipse
1037 4033 1154 4088 fortasse
1172 4034 1327 4088 Heraclidis
1345 4036 1390 4089 vel
1410 4033 1469 4088 eius

355 4116 528 4171 librariorum
553 4132 670 4170 errorem
693 4114 828 4184 corrigere
852 4115 907 4172 sibi
928 4116 1003 4171 visus
1028 4120 1082 4181 est,
1112 4118 1214 4176 omissa
1238 4119 1288 4173 hac
1309 4120 1408 4181 altera,
1439 4120 1471 4173 ut

355 4201 477 4270 putabat,
497 4199 579 4262 ὀξέως
598 4200 745 4255 mentione.

427 4291 445 4350 ²)
465 4284 508 4342 cf.
526 4285 611 4341 etiarn
629 4286 760 4354 Berqlrius
779 4285 829 4357 lyr.
847 4301 887 4354 gr.
905 4286 948 4344 ed.
966 4287 1011 4341 III
1031 4306 1056 4360 p.
1077 4289 1126 4342 815
1145 4307 1187 4360 sq.
