3344 5126
902 405 944 466 64

365 584 486 650 docent
513 584 700 668 Hesychius
724 591 757 649 et
770 584 977 650 Phavorinus
1002 585 1046 674 (p.
1068 591 1116 666 26,
1140 592 1180 654 30
1203 585 1252 650 ed.
1275 585 1376 651 Basil.
1404 589 1487 653 1538

330 719 335 726 ·
361 694 431 778 fol.)
455 695 585 779 ἀγρηνίν
607 695 759 780 [ποικίλον
782 696 869 778 ἐρεῖιν
897 694 971 759 add.
995 695 1111 782 Pham]
1141 695 1323 766 δικτοοειδές
1353 691 1418 782 [καὶ
1442 693 1488 759 ἔν-

364 807 445 888 δυμα
475 810 561 868 ποιόν
589 805 664 870 add.
686 806 766 890 Ph.]‚
797 807 813 868 ὃ
835 805 1040 890 περιτίθενται
1063 805 1091 868 oi
1115 808 1315 893 βακχείοντες
1340 805 1483 891 Διονύσῳ·

359 912 586 1000 Ἐρατοσθένης
611 916 644 978 δὲ
667 908 767 1000 [Ἕρμ
788 916 893 981 XXIV
915 938 946 999 p.
972 921 1031 981 155
1055 918 1181 998 Bernhl
1206 916 1277 979 αὐτὸ
1301 915 1393 981 καλεῖ
1414 922 1486 1000 γρῆ-

363 1049 413 1090 νον
435 1027 454 1110 ἢ
473 1033 589 1111 γρῆνον.
635 1023 686 1088 καί
710 1023 824 1109 ἔνδομα
847 1028 888 1111 [κ.
912 1023 934 1089 ἔ.
957 1048 1018 1092 om.
1040 1026 1122 1114 Pl1.].
1146 1026 1276 1110 Didymi
1305 1027 1388 1092 haec
1410 1049 1485 1093 esse

365 1136 462 1203 docet
483 1135 718 1204 Eratosthenis
742 1135 1015 1204 commemoratio.

447 1248 464 1331 ψ
490 1251 564 1315 128:
592 1248 608 1308 δ
632 1243 740 1310 δ’ἐστὶν
762 1246 794 1308 'ev
822 1245 976 1331 τραγῳδίᾳ
999 1245 1132 1330 μηχανὴ,
1159 1250 1246 1309 τοῦτο
1276 1249 1307 1310 ἐν
1335 1242 1484 1332 κωμῳδίηι

362 1354 471 1439 κράδη.
514 1354 639 1422 Contra
662 1356 859 1442 Hesychius:
882 1353 991 1438 κροίδη·
1018 1395 1051 1403 -
1078 1352 1201 1440 ἀγκυρίς
1229 1358 1258 1426 ἐξ
1280 1356 1315 1440 ἧς
1340 1357 1486 1441 ἀνήπτον-

364 1489 398 1528 το
415 1464 442 1528 οἱ
459 1465 572 1538 ἐντοῖς
595 1465 803 1552 τραγικαῖς
828 1465 981 1550 μηχαναῖς
992 1467 1216 1550 ἐμφαινόμενον.
1238 1467 1321 1531 Item
1336 1488 1483 1550 paroem.

367 1576 472 1642 Vatic.
495 1577 529 1641 ΙΙ
550 1581 592 1642 20
614 1579 704 1660 apud
718 1583 940 1643 Schneidercm
963 1600 993 1660 p.
1018 1582 1057 1642 97
1080 1577 1121 1640 in.
1138 1576 1263 1643 Contra
1285 1577 1410 1661 μηχανὴ
1437 1599 1487 1642 se-

364 1687 508 1751 cundum
522 1687 672 1770 quintum
688 1688 827 1753 Bekkeri
843 1688 968 1752 lexicon
982 1689 1111 1769 prose
1121 1687 1206 1770 παρὰ
1216 1687 1279 1757 τοῖς
1295 1687 1486 1770 κωμικοῖς

360 1793 604 1881 ἐγκοκλίηματός
629 1822 657 1861 τι
672 1795 752 1869 εἶδος
776 1804 924 1864 vocatur.

448 1905 610 1991 Βροντεῖον
628 1909 675 1972 sic
692 1907 849 1973 describit
860 1906 975 1973 Pollux
992 1909 1008 1990 ψ
1025 1912 1098 1972 13οε
1114 1905 1148 1968 τὸ
1162 1905 1195 1970 δὲ
1208 1906 1370 1991 βροντεῖον·
1383 1907 1439 1971 ὑπὸ
1451 1913 1488 1991 τῇ

365 2013 599 2100 σκηνηὸπισθεν
622 2014 708 2080 ἀσκοί
731 2019 840 2102 ψήφων
863 2014 991 2101 ἔμπλεοι
1012 2019 1219 2100 διωχκώμενοι
1242 2017 1384 2102 φέρονται
1407 2021 1486 2082 κατὰ

364 2125 589 2211 χαλκωμάτων,
636 2126 749 2194 Paullo
780 2127 876 2191 aliter
901 2127 998 2192 schol.
1022 2128 1123 2191 Arist.
1144 2127 1228 2192 Nub.
1257 2129 1320 2191 294
1342 2127 1395 2207 (cf.
1416 2132 1488 2192 292.

367 2235 456 2301 Suid.
472 2259 497 2302 s.
512 2239 570 2323 v.):
588 2238 712 2322 μηχανή
729 2237 839 2301 ἐστινὸ
855 2237 996 2301 καλεῖται
1010 2236 1170 2323 βροντεῖον,
1194 2237 1250 2300 ὑπὸ
1266 2235 1320 2320 τὴν
1335 2239 1457 2322 σκηνήν,
1472 2240 1488 2300 ὃ

364 2346 401 2430 ἢν
428 2346 581 2433 ἀμφορεὺς
611 2347 746 2432 ψηφῖδας
779 2345 862 2432 ἔχων
893 2347 1069 2418 θαλασσίας.
1099 2347 1135 2430 ἢν
1169 2347 1202 2412 δὲ
1225 2348 1319 2434 λέβης
1344 2352 1487 2434 χαλκοῦς,

365 2455 409 2528 είς
432 2459 466 2520 δν
490 2456 521 2520 αἱ
543 2458 638 2543 ψῆφοι
653 2461 828 2543 κατήγοντο,
851 2459 901 2521 καί
924 2458 1002 2542 ἦχον
1025 2459 1174 2522 ἀπετέλιιν
1198 2461 1319 2522 ἐοικότα
1341 2459 1458 2544 βροντῇ.

450 2568 515 2632 Sed
535 2567 597 2632 hae
621 2568 832 2634 diversitates
861 2569 944 2634 adeo
968 2589 1115 2653 promea
1139 2569 1302 2632 sententia
1331 2575 1487 2652 pugnant.

282 2677 283 2681 ’
363 2675 487 2742 Eodem
519 2677 605 2742 enim
635 2699 700 2760 quo
723 2678 888 2745 Pollucem
919 2688 1055 2745 auctore
1086 2701 1184 2743 usum
1214 2698 1287 2743 esse
1309 2678 1483 2763 Didymum

364 2806 438 2850 cum
465 2787 670 2853 intellectum
703 2789 759 2869 sit,
786 2791 854 2872 jam
882 2791 959 2856 talis
990 2789 1217 2874 anquirendus
1248 2795 1300 2852 est
1331 2789 1483 2872 scriptor,

363 2917 508 2980 quocum
537 2898 747 2964 consensisse
769 2900 803 2963 in
833 2902 955 2980 multis,
983 2921 1081 2983 saepe
1110 2905 1222 2963 autern
1253 2897 1385 2962 diversa
1414 2920 1487 2963 sen-

364 3005 448 3071 sisse
465 3007 608 3071 sciamus
626 3007 813 3091 Didymum3
830 3032 914 3095 quae
928 3011 1022 3092 signa
1045 3011 1078 3073 in
1101 3008 1228 3073 nullum
1245 3009 1360 3073 melius
1378 3030 1479 3092 quam

362 3115 396 3178 in
416 3121 527 3181 labaro
551 3120 762 3200 conveniunt,
787 3132 825 3185 ut
846 3121 875 3185 is
898 3127 1059 3204 tanquam
1082 3119 1184 3202 digito
1207 3125 1418 3185 monstretur.

900 3413 1072 3510 V..

446 3601 519 3666 Jam
542 3601 768 3685 quaerendum
791 3609 850 3683 est,
872 3625 949 3667 num
980 3603 1066 3670 forte
1090 3603 1243 3685 cognosci
1270 3601 1388 3687 possit,
1411 3599 1483 3683 qui-

361 3712 425 3777 bus
453 3713 525 3796 ipse
554 3713 637 3777 Iuba
666 3711 814 3779 lontibus
843 3736 925 3778 usus
955 3715 1008 3779 sit.
1053 3714 1126 3791 Qua
1154 3714 1187 3777 in
1210 3733 1246 3776 re
1273 3735 1391 3797 parum
1420 3731 1481 3775 nos

358 3825 479 3906 juvant
507 3843 546 3888 ea
582 3829 755 3890 auctorum
792 3825 932 3902 nomina,
963 3845 1049 3906 quae
1081 3825 1114 3887 in
1143 3823 1244 3888 lubae
1275 3821 1356 3887 locis
1392 3820 1483 3902 apud

362 3931 568 3999 Athenaeum
605 3936 768 4020 excerptis
805 3934 1003 4000 laudantur:
1031 3932 1248 4017 Aristoclis1),
1286 3929 1482 4008 Aristoxeni,

432 4106 456 4175 1)
476 4104 637 4174 Quanquam
656 4121 725 4173 quae
744 4121 777 4159 ex
795 4107 928 4158 Aristocle
947 4103 981 4158 de
1005 4102 1139 4173 hydraulo
1158 4103 1314 4156 referuntur
1331 4100 1370 4153 lV
1389 4101 1438 4153 174
1451 4099 1480 4164 C,

363 4206 418 4243 non
442 4205 474 4243 cx
491 4188 564 4242 iuba
581 4187 705 4242 hausisse
729 4187 777 4243 sed
803 4206 835 4243 ex
858 4189 918 4259 ipso
942 4187 1080 4243 Aristocle
1108 4187 1288 4256 descripsisse
1310 4187 1377 4255 puto
1394 4184 1482 4238 Athe-

362 4291 475 4339 naenm3
495 4273 597 4343 quippe
616 4272 821 4341 quiAristoclis
840 4290 908 4343 opus
921 4274 981 4345 περὶ
992 4282 1080 4346 χορῶν
1094 4272 1308 4341 diligentissime
1326 4269 1480 4324 versaverit

363 4361 392 4416 et
417 4358 491 4414 haud
516 4357 599 4414 dubie
624 4358 683 4433 ipse
708 4359 869 4432 inspexerit.
898 4357 971 4419 Item
1001 4361 1139 4416 Posidonii
1167 4374 1199 4414 ex
1229 4356 1315 4414 tertio
1343 4351 1479 4428 Ἱστοριῶν
