3344 5126
888 409 928 469 30

347 589 504 674 στρόβιλος
533 591 611 674 (630
625 589 668 676 Α)
691 587 796 672 μόθων
819 589 898 673 (618
917 588 958 676 G)
980 589 1103 673 γίγγρας
1127 589 1205 673 (618
1226 586 1266 672 0)
1287 583 1471 670 κερνοφόρον

347 705 424 786 (629
447 702 498 789 n.)
522 701 700 786 μορφιομος
723 701 799 785 (629
822 701 862 787 r)
885 699 965 765 9969
986 700 1063 785 (629
1086 700 1134 784 n).
1462 677 1469 692 '

429 812 522 878 Idem
550 810 808 878 enumerationis
838 811 1014 877 consilium
1042 809 1135 874 illum
1163 827 1261 890 quem
1282 806 1471 872 Athenaeus

345 920 577 1007 transscripsit
598 927 767 986 auctorem
792 927 941 988 secutum
962 939 1037 986 9999
1059 925 1160 1002 atque
1174 916 1318 983 Pollucis
1339 915 1472 995 iontem,

341 1037 476 1112 functae
498 1032 617 1097 docent
639 1027 813 1113 ἑκατερίδες
842 1036 875 1096 96
897 1027 1136 1115 θερμαυστρίδες
1158 1026 1248 1112 apud
1269 1026 1386 1092 Athon.
1409 1027 1471 1090 630

347 1142 376 1207 A
402 1141 496 1212 item,
511 1143 549 1205 ut
574 1139 663 1224 apud
695 1137 875 1221 Pollucem,
908 1139 1063 1224 deinceps
1095 1138 1259 1205 collocata
1289 1131 1411 1198 ἰωνικίν
1440 1137 1473 1197 96

349 1235 511 1335 ἀγγελικόν
537 1250 627 1334 apud
649 1247 688 1316 A.
710 1252 772 1314 629
802 1247 839 1313 Ε.
863 1254 897 1314 96
924 1248 1090 1314 Pollucem
1118 1249 1137 1333 d
1161 1251 1231 1312 103.
1246 1247 1269 1334 ¹)
1319 1241 1473 1309 Ceterum

263 1364 265 1369 ’
348 1361 438 1445 qnod
460 1357 549 1445 apud
570 1357 776 1423 Athenaeum
797 1357 946 1443 proxime
967 1357 1138 1443 praecedit
1160 1353 1348 1421 saltationis
1370 1371 1472 1436 genus

350 1466 508 1539 Xtrmvicc
527 1466 712 1551 Ἀρτεμίδος
733 1457 810 1530 ἴδιον
831 1468 915 1551 παρὰ
942 1463 1139 1552 Συρακοσίοις
1160 1503 1202 1514 -
1223 1485 1300 1530 nam
1321 1463 1405 1529 haec
1425 1463 1474 1526 ita

346 1577 523 1664 jungenda,
544 1595 651 1659 neque
672 1571 861 1656 ,Χιτωνέαςί
882 1575 966 1641 illud
986 1595 1048 1660 pro
1062 1595 1145 1642 noro
1158 1575 1272 1658 aliquo
1287 1571 1474 1640 saltationis

351 1688 482 1754 nomine
509 1684 698 1751 habendum
731 1672 804 1751 esse
833 1689 1010 1752 Meiaeleius
1030 1684 1145 1750 docuit
1172 1684 1207 1750 in
1228 1683 1323 1749 Anal,
1345 1682 1418 1748 crit
1440 1680 1474 1744 in

350 1796 426 1862 Ath.
448 1817 479 1880 p.
502 1799 574 1860 302.
596 1831 640 1843 -
660 1793 696 1859 id
724 1799 898 1879 tantopere
919 1814 980 1880 pro
1001 1813 1076 1860 mea
1095 1793 1179 1860 facit
1199 1793 1369 1878 opinione,
1391 1789 1475 1856 nihil

353 1911 390 1972 ut
410 1905 518 1990 possit
542 1905 660 1986 magis.
678 1933 687 1958 ·
702 1903 911 1988 Comparatis
936 1903 1022 1970 enim
1048 1901 1193 1970 Pollucis
1220 1902 1347 1969 verbis:
1376 1900 1411 1964 τὸ
1441 1899 1475 1964 δὲ

350 2013 486 2080 Ἰωνικὸν
505 2011 666 2098 Ἀρτέμιδι
687 2014 828 2096 ὠρχῡντο
850 2010 1098 2076 Σικελιῶται
1114 2010 1247 2096 μάλιστα
1273 2011 1348 2096 quis
1380 2011 1477 2076 dubi-

353 2124 441 2192 tabit
463 2123 543 2207 quin
564 2122 754 2188 Athenaeus
775 2141 875 2207 prave
896 2120 1094 2188 intellexerit
1116 2121 1262 2189 auctoris
1290 2122 1343 2186 sui
1363 2121 1475 2201 rerba,

355 2240 484 2301 etcum
505 2231 626 2297 ἰωνικίν
651 2230 761 2297 dicere
782 2230 920 2297 deberet
949 2230 1129 2299 Chitoneae
1155 2233 1282 2299 Dianae
1311 2237 1477 2297 sacratum

357 2343 471 2426 fuisse,
493 2343 559 2410 duo
582 2360 759 2426 perperam
781 2338 929 2406 effecerit
949 2339 1246 2425 saltandi‘genera
1268 2362 1410 2427 quorum
1430 2339 1478 2406 al·

355 2459 462 2518 terum
476 2451 603 2517 Dianae
627 2471 759 2516 sacrum
779 2449 889 2532 inerit,
910 2445 1030 2514 ἰωνικόν
1051 2451 1253 2536 appellatum
1274 2451 1376 2517 fuerit
1396 2449 1477 2516 alte·

354 2561 448 2627 rum?
483 2561 536 2627 Me
558 2561 691 2643 quidem
708 2558 823 2643 judice
845 2578 899 2624 res
915 2560 998 2625 satis
1020 2567 1138 2645 aperta
1156 2566 1225 2643 996,
1246 2581 1353 2644 neque
1376 2560 1477 2626 dubia

306 2675 309 2684 “
354 2669 452 2736 196119
475 2670 631 2753 cuiquam
653 2669 716 2734 erit
730 2668 796 2733 nisi
818 2668 849 2733 ei
871 2669 928 2751 qui
943 2668 1104 2736 Athenaei
1119 2670 1359 2754 neglegentiam
1373 2691 1478 2756 paene

356 2778 584 2845 incredibilem
604 2779 750 2844 nondum
773 2777 855 2843 satis
877 2787 1086 2864 perspectam
1107 2780 1218 2846 habet.
1234 2817 1275 2828 -
1289 2778 1478 2862 Iunguntur

356 2887 497 2972 denique
520 2887 609 2973 apud
630 2887 835 2952 Athenaeum
858 2889 962 2954 63οΑ
983 2884 1053 2974 χεὶρ
1076 2889 1279 2974 καταπρανὴς,
1301 2885 1372 2974 χεὶρ
1395 2889 1476 2973 σιμή,

358 2997 557 3079 καλαθίσκος,
579 2996 650 3068 idle
672 2997 857 3082 παράληψις,
878 2997 957 3064 item
978 3004 1016 3064 ut
1037 2999 1126 3083 apud
1146 2998 1313 3066 Pollucem
1334 3000 1353 3084 ἓ
1377 3003 1445 3066 105.

444 3110 613 3173 162αοί929
635 3103 907 3191 ὄρχημ961191692
928 3108 1134 3194 κολαβρισμός
1156 3129 1231 3174 cum
1259 3109 1349 3193 apud
1369 3107 1478 3174 Pollu-

254 3219 262 3238 “
316 3253 319 3260 ·
361 3233 432 3278 cem
452 3215 470 3299 §
494 3219 554 3282 100
575 3221 644 3282 tum
666 3217 709 3282 ab
731 3217 899 3283 Athenaeo
923 3223 983 3284 629
1006 3217 1080 3302 D2).

443 3325 600 3407 Prorsus,
626 3325 733 3410 primo
764 3332 854 3394 certe
885 3327 1015 3406 obtutu,
1047 3328 1090 3393 ab
1117 3326 1285 3392 Athenaeo
1308 3325 1478 3393 discedere

360 3433 491 3499 videtur
511 3434 627 3500 Pollux
648 3436 666 3520 §
683 3440 742 3501 103
758 3456 797 3500 99
812 3436 847 3500 in
860 3457 906 3519 re,
928 3436 1016 3520 quod
1039 3441 1148 3499 οκῶπα
1169 3432 1282 3518 ,εἶδος1
1303 3435 1385 3501 dicit
1406 3457 1478 3501 esse

357 3541 529 3628 ,ὀρχήσεως
544 3541 618 3630 ἔχον
632 3545 698 3608 τινὰ
720 3551 759 3608 τῦ
778 3545 919 3630 τραχήλυ
934 3547 1100 3631 περιφορὰν
1122 3548 1201 3610 κατὰ
1220 3544 1275 3631 τὴν
1295 3550 1334 3610 τῦ
1359 3541 1478 3629 ὄρνιθος

358 3651 492 3737 μίμησιν,
512 3654 546 3725 ὃς
567 3655 614 3719 ὑπ’
626 3656 803 3740 1ἐκιτλίγίειος
826 3655 899 3740 πρὸς
921 3653 976 3740 τὴν
996 3653 1125 3741 ὄρχησιν
1146 3651 1362 3741 illustratet
1388 3655 1478 3721 'Audi

357 3801 558 3812 ..n—...—

424 3879 453 4014 ἑ)
471 3879 625 3954 1191929996
642 3883 677 3938 91.
692 3867 970 3936 169929199929129962.
986 3881 1028 3951 (in
1040 3879 1172 3938 Gronovii
1183 3881 1256 3939 thes.
1269 3885 1326 3938 ant.
1343 3899 1384 3952 gr.
1397 3879 1478 3946 VIII)

359 3980 387 4035 p.
410 3967 419 4016 1
442 3967 474 4016 tt
494 3981 535 4034 sq.

428 4065 455 4134 2)
474 4066 515 4120 119
542 4062 708 4120 eolabrismo
732 4066 864 4120 Meursias
889 4067 964 4122 orch.
981 4065 1111 4136 (Gronov.
1136 4069 1209 4127 thes.
1235 4067 1318 4135 VIII)
1339 4083 1366 4137 p.
1399 4069 1479 4121 1263:

359 4152 446 4218 „puto
466 4151 537 4206 hanc
556 4165 616 4204 esse
634 4165 717 4219 quam
735 4148 868 4205 describit
884 4149 1005 4206 Thraces
1026 4153 1165 4209 saltantes
1187 4153 1340 4221 Xenophon
1363 4151 1396 4207 de
1415 4149 1480 4222 Cyri

360 4233 454 4302 exped.
473 4233 493 4288 1.
512 4233 578 4288 111.“
596 4234 633 4302 (V
650 4237 675 4298 0,
694 4237 730 4304 6).

428 4337 456 4404 3)
474 4333 510 4389 61.
527 4335 623 4401 Βςνρλ.
640 4334 692 4405 lyr.
710 4351 752 4404 gr.
771 4335 813 4391 ed.
832 4338 857 4390 3.
875 4353 903 4407 p.
925 4337 998 4390 1311.
