3344 5126
349 603 483 687 quaein
499 603 664 684 excerptis
687 623 727 668 ex
749 603 861 672 Somni
882 601 952 690 περὶ
970 605 1091 700 μήτρας
1114 629 1212 691 opere
1235 614 1350 675 extant
1364 609 1474 677 verbis

349 719 391 796 (p.
420 718 461 778 54
483 710 532 777 ed.
555 711 660 778 Paris.
685 719 766 780 1554
787 737 841 800 ap.
864 715 940 782 Adr.
961 699 1175 805 Turnebum.)
1198 721 1298 804 μὴτρα
1314 715 1365 782 καὶ
1388 721 1473 783 ὑστέ-
1513 787 1515 790 ,

349 845 388 908 ρα
418 821 541 906 λέγεται
562 817 613 885 καὶ
642 825 763 910 telepte.
785 809 887 911 μὴτρα
913 823 970 912 μὲν
1001 863 1034 874 -
1061 828 1116 913 (cl.
1140 828 1252 894 Orion.
1273 852 1307 913 p.
1327 835 1376 910 99,
1398 835 1473 918 27.]‚

349 931 460 1018 ὑστέρα
483 931 516 997 δὲ
542 971 577 983 -
610 933 661 1018 [cf.
686 934 797 1002 Orion.
818 959 849 1021 p.
876 943 943 1018 154,
967 940 1032 1024 34],
1055 937 1167 1025 δελρὶνς
1191 939 1224 1004 δὲ
1247 942 1297 1006 διὰ
1321 945 1358 1014 τὸ
1381 943 1473 1008 ἀδελ-

348 1047 415 1130 φῶν
437 1041 529 1128 αὐτὴν
551 1039 630 1108 εἶναι
649 1044 867 1134 γεννητικὴνῑ).
904 1047 942 1113 In
965 1047 1156 1114 universum
1179 1056 1289 1116 tamen
1313 1053 1341 1118 si
1362 1054 1473 1133 Pollu·

350 1141 420 1220 cem
454 1175 528 1220 cum
561 1153 609 1220 eis
642 1155 861 1240 Etymclogici
895 1157 1026 1225 Orionei
1061 1159 1184 1241 glossis
1218 1164 1473 1246 comparaveris,

350 1285 436 1350 quae
460 1265 587 1334 Sorano
610 1270 671 1330 aut
692 1265 886 1334 nominatim
908 1269 1103 1334 trilruuntur
1125 1275 1185 1336 aut
1208 1272 1291 1338 satis
1314 1279 1388 1341 tuto
1413 1274 1473 1339 tri-

347 1375 406 1442 bui
427 1380 587 1459 possunt,
614 1374 784 1441 rarissime
809 1382 962 1444 nostrum
977 1377 1066 1445 illius
1088 1379 1182 1448 libris
1205 1405 1304 1448 usum
1327 1404 1401 1449 esse
1422 1384 1472 1448 in-

348 1486 498 1568 telleges;
521 1484 611 1569 quod
629 1485 716 1552 unde
737 1485 797 1554 fiat
819 1485 915 1553 facile
936 1489 1117 1587 perspiciet
1139 1493 1196 1576 qui
1212 1492 1349 1560 Soranei
1364 1494 1471 1579 operis

348 1594 491 1662 indolem
512 1594 651 1662 noverit.
1197 1605 1199 1610 '

431 1704 523 1770 Haec
544 1726 621 1772 vero
637 1725 721 1789 quae
743 1707 842 1774 modo
865 1710 1052 1777 enumeravi
1076 1711 1185 1778 omnia
1207 1712 1265 1779 ubi
1288 1712 1471 1781 detraxeris

349 1816 486 1898 Polluci,
507 1814 731 1882 nihilominus
746 1817 836 1883 haud
853 1838 932 1884 sane
960 1841 1069 1904 panca
1084 1829 1212 1889 restare
1228 1801 1364 1905 videbis,
1388 1846 1472 1910 quae

349 1929 478 1993 frustra
501 1932 705 2011 quaerantur
728 1927 817 2011 apud
837 1929 967 1995 Rufum.
1011 1931 1061 1996 Ea
1083 1932 1185 2013 igitur
1206 1934 1293 2001 unde
1307 1935 1474 2002 Pollucem

351 2037 536 2123 sumpsisse
564 2035 736 2103 dicamus?
768 2029 818 2103 'An
846 2036 900 2104 hic
927 2040 1013 2106 forte
1042 2040 1151 2107 latent
1171 2045 1277 2112 multa
1298 2045 1356 2110 illa
1386 2068 1472 2130 quae

348 2146 580 2233 Peripateticis
598 2167 633 2212 se
656 2146 774 2214 debere
789 2148 861 2232 ipse
884 2150 1033 2217 fatetur?
1048 2150 1169 2220 Credat
1190 2154 1250 2238 qui
1272 2155 1371 2240 volet3
1393 2157 1472 2221 mihi

347 2257 643 2345 persuasissimum
665 2264 727 2342 est,
750 2258 831 2324 haec
855 2282 988 2346 quoque
1013 2261 1197 2346 sophistam
1220 2271 1339 2345 aRufc
1360 2273 1472 2334 mutu-

348 2379 441 2438 atum
464 2386 548 2435 esse.
592 2369 636 2433 At
656 2371 746 2452 apud
767 2370 898 2452 Rufum,
919 2371 1037 2456 inquit,
1061 2372 1302 2444 desiderantur.
1346 2378 1471 2454 Audio;

349 2482 408 2548 sed
430 2485 616 2564 temporum
639 2484 772 2546 tantum
794 2481 1033 2565 neglegentiam
1054 2483 1164 2568 ipsius
1185 2481 1260 2549 Rufi
1282 2479 1334 2546 his
1358 2481 1397 2546 de
1419 2501 1470 2547 re-

345 2593 409 2658 bus
426 2589 720 2658 commentationes
736 2591 832 2658 nobis
845 2572 990 2658 invidere
1014 2592 1123 2661 credo.
1168 2600 1241 2678 lpse
1260 2593 1346 2659 enim
1361 2591 1469 2656 Rufus

345 2703 427 2768 haec
457 2701 497 2766 de
521 2719 583 2765 sua
611 2720 712 2784 opera
733 2701 767 2765 in
789 2700 854 2767 fine
877 2702 979 2769 totius
1001 2703 1103 2771 libelli
1125 2705 1298 2789 praedicat
1329 2705 1375 2796 (p.
1398 2704 1469 2784 45):

346 2814 385 2878 τὰ
407 2811 461 2896 μὲν
483 2806 613 2874 πλεῖστα
632 2813 685 2874 τοῦ
698 2807 861 2898 ἀνθρώπου
878 2812 957 2878 οὕτω
972 2813 1033 2899 χρὴ
1050 2812 1167 2879 καλεῖν·
1191 2812 1219 2896 εἰ
1242 2815 1276 2879 δέ
1297 2809 1326 2877 τι
1349 2813 1381 2877 ἐν
1402 2811 1470 2874 sod·

345 2948 407 2996 τσις
431 2919 483 2987 καὶ
505 2918 757 3005 παραλέλειπται,
779 2921 814 3003 od
847 2924 907 3008 μὴν
928 2923 1044 2989 δίκαιον
1066 2927 1230 2992 τὰπολλὰ
1252 2922 1397 3009 ἀτιμάσαι
1419 2919 1471 2986 διά

345 3056 412 3096 τινα
449 3031 539 3115 ὀλίγα
568 3032 773 3119 παροφθέντα.
823 3034 966 3100 Haecine
999 3041 1037 3101 tu
1073 3041 1173 3120 putas
1201 3057 1275 3100 eum
1304 3034 1468 3100 hominem

348 3140 533 3226 scripsisse,
562 3145 620 3228 qui
641 3145 776 3225 Polluci,
806 3144 976 3230 sophistae
1004 3143 1038 3208 in
1061 3144 1198 3211 medicis
1227 3145 1327 3210 rebus
1356 3149 1469 3230 aperte

347 3251 480 3335 hospiti,
503 3259 571 3318 tam
586 3255 692 3321 multa
714 3255 885 3338 reliquerit
908 3254 1111 3338 adnotanda,
1134 3260 1173 3321 ut
1196 3255 1299 3320 cuivis
1322 3255 1390 3320 fere
1412 3275 1471 3336 pa·

348 3363 514 3450 ragrapho
536 3364 661 3449 aliquid
683 3371 773 3430 certe
796 3385 902 3447 neque
922 3364 956 3427 id
975 3363 1082 3446 exigui
1097 3364 1291 3449 plerumque
1314 3366 1468 3432 momenti

347 3475 556 3544 adiciendum
579 3477 691 3542 esset?
719 3475 799 3540 Tam
821 3474 1045 3558 neglegentem
1068 3475 1231 3542 hominem
1254 3482 1389 3560 tamque
1411 3477 1470 3540 im·

345 3585 491 3672 peritum
513 3588 600 3652 inter
621 3587 727 3653 bonos
743 3585 927 3669 doctosque
950 3585 1033 3654 adeo
1055 3589 1201 3654 medicos
1224 3586 1374 3654 habitum
1397 3607 1471 3651 esse

348 3697 478 3764 credis?
506 3697 607 3780 Atqui
635 3697 742 3763 Rufus
769 3697 859 3762 illius
886 3696 959 3762 aevi
993 3697 1229 3764 eruditissimis
1259 3696 1471 3762 adnumerari

350 3808 435 3874 solet
463 3808 608 3874 medicis.
652 3809 761 3873 Unum
790 3809 907 3874 saltem
931 3809 1114 3893 exemplum
1137 3812 1175 3873 ut
1200 3827 1403 3892 proponam:
1431 3827 1471 3872 ex

349 3918 501 3984 omnibus
524 3918 571 3984 eis
594 3938 680 4001 quae
694 3917 810 3983 Pollux
831 3918 865 3983 in
876 3918 1095 4003 paragraphis
1113 3923 1181 3984 134.
1206 3923 1274 3984 135.
1299 3924 1367 3983 136.
1391 3939 1471 3983 enu-

211 4041 216 4054 '
347 4036 454 4094 merat
487 4027 675 4094 nominibus
704 4033 838 4111 praeter
873 4029 1011 4100 τένοντας
1047 4035 1081 4094 et
1116 4019 1304 4114 μετάφρενσν
1342 4028 1468 4093 nullum

353 4165 375 4170 μ
429 4211 452 4276 1)
478 4209 562 4263 Porro
593 4207 629 4263 cf.
658 4205 753 4274 cyrilli
778 4206 874 4276 glossa
892 4181 966 4276 dpnd
988 4207 1142 4263 Mehlerum
1169 4209 1304 4262 Mnemos.
1332 4207 1377 4262 III
1404 4209 1470 4260 221:

347 4292 494 4366 Ἀδελρός·
513 4293 585 4364 παρὰ
603 4293 634 4345 τὸ
649 4292 757 4364 talete,
771 4291 784 4344 ὃ
799 4291 922 4362 σημαίνει
935 4293 985 4364 τὴν
998 4292 1111 4366 μήτραν·
1124 4293 1262 4349 τουτέστιν
1278 4291 1309 4346 ἐκ
1323 4294 1372 4360 τῆς
1387 4292 1471 4362 αὐτῆς

353 4378 467 4450 δελφύας
490 4379 615 4433 τουτέστι
634 4378 758 4450 γαστρός.
