3344 5126
650 384 778 474 ¹73

288 601 371 666 (lum
393 599 569 666 Heraclide
592 596 735 681 denique
758 617 797 661 ea
820 613 952 677 quoque
974 592 1008 655 in
1023 613 1058 656 re
1074 591 1226 658 convenit
1246 590 1320 657 Pol·

204 711 278 791 luci,
303 710 392 794 quod
417 709 650 776 schoenionem
673 714 707 772 et
729 704 923 790 apothetum
953 708 1067 767 dionae
1090 701 1180 785 νόμως
1205 706 1239 766 et
1268 701 1321 766 hic
1349 729 1350 732 ¹

204 821 284 886 dicit
306 826 325 903 ξ
350 825 388 885 79
412 826 445 886 et
469 819 525 903 qui
548 819 640 884 illum
664 815 852 901 compilavit
873 811 1073 878 Plutarchus
1095 817 1217 879 muel
1238 835 1268 896 p.
1293 817 1320 890 7,

204 937 231 996 4.
254 937 288 995 et
311 939 328 996 5
350 953 381 1014 p.
404 939 433 1012 8,
460 935 571 1010 19—9,
602 934 616 992 1
642 927 766 995 Volkm.
808 927 851 991 Et
872 926 982 1010 priore
1006 922 1137 1008 quidem
1159 922 1232 1002 loco
1254 942 1320 986 non

205 1040 407 1122 Heraclides,
432 1039 489 1105 sed
512 1039 711 1104 Plutarchus
735 1059 774 1104 ea
795 1038 829 1101 in
852 1057 887 1102 ro
910 1037 1033 1102 erravit
1048 1036 1136 1118 quod
1160 1039 1321 1117 aulodicos

204 1156 302 1216 vocat
329 1149 404 1216 illos
435 1171 569 1231 nomos;
593 1155 743 1216 catolicos
772 1147 857 1212 enim
886 1145 991 1213 fuisse
1022 1154 1055 1212 et
1077 1145 1194 1212 Pollux
1215 1142 1320 1209 tradit

204 1262 221 1345 ᾗ
245 1265 283 1326 65
308 1266 342 1325 et
364 1265 404 1324 79
436 1265 469 1324 et
491 1258 681 1343 Hesychius
705 1281 729 1325 s.
754 1252 884 1344 σχοίνων
906 1258 969 1343 (ita
992 1257 1048 1339 cd3
1077 1253 1216 1342 σχοινίων
1246 1275 1319 1320 cum

128 1409 136 1424 ·
206 1369 349 1454 Sopingo
373 1367 599 1454 Schmidtius).
643 1369 786 1434 Errassc
808 1374 920 1434 autem
942 1369 998 1436 illo
1019 1368 1091 1435 loco
1106 1366 1320 1433 Plutarchum

203 1479 277 1546 ideo
306 1502 371 1546 non
399 1481 557 1546 abhorret
584 1501 604 1544 a
632 1478 874 1563 probabilitate,
905 1480 983 1563 quia
1015 1480 1214 1547 dormitasse
1246 1499 1319 1542 eum

205 1590 282 1656 dum
310 1589 393 1657 illud
423 1595 526 1674 caput
547 1588 716 1674 componit
737 1588 836 1655 modo
859 1591 1102 1684 perspeximus:
1127 1589 1206 1673 quid
1230 1587 1319 1671 quod

203 1706 336 1785 praeter
353 1699 582 1767 schoenioncm
598 1697 858 1785 apothetumque
881 1706 914 1765 et
928 1700 1011 1768 alios
1028 1701 1189 1785 quosdam
1204 1723 1320 1775 nomos

204 1811 303 1875 etiam
333 1808 485 1895 Κηπίωνα
520 1813 607 1877 inter
636 1815 762 1876 veteres
791 1831 907 1876 nomos
944 1810 1115 1878 aulodicos
1144 1813 1319 1890 recensuit,

205 1914 448 2004 quem'scimus
472 1920 576 1986 fuisse
606 1919 788 2002 Terpandri
817 1942 949 1986 nomum
973 1922 1235 2008 ¹citha'rodicum!
1266 1921 1320 2008 (cf.

211 2037 378 2114 Westptol.
402 2030 445 2095 ad
467 2031 553 2099 Plut.
577 2030 617 2096 de
639 2052 722 2096 mus.
746 2054 777 2114 p.
804 2032 866 2117 74).
912 2030 1024 2098 Altero
1047 2032 1119 2100 loco
1136 2033 1198 2098 hoc
1220 2053 1320 2096 unum

0 2148 1 2161 ³
77 2168 80 2174 ·
203 2141 306 2224 docet,
331 2141 451 2208 Olonae
484 2141 586 2207 tribui
615 2140 691 2207 illos
714 2162 830 2206 nomos
852 2141 885 2205 in
909 2141 1099 2227 anagraphe
1124 2143 1321 2229 (Sicyonialt

204 2258 316 2317 utrum
340 2251 474 2317 auletici
497 2252 621 2316 fuerint
643 2272 685 2315 an
707 2250 850 2316 aulodici
868 2273 933 2318 non
949 2251 1083 2316 indicat
1111 2253 1174 2318 Sed
1190 2273 1320 2317 errasse

201 2362 290 2429 illius
313 2361 519 2446 anagraphes
543 2368 713 2428 auctorem
735 2360 809 2427 ideo
832 2369 944 2427 censet
971 2368 1164 2444 Westpaaros
1181 2363 1320 2427 adPlut.

201 2494 231 2556 p.
255 2478 303 2539 73.
326 2479 376 2540 76.
399 2471 477 2540 hist.
499 2495 583 2539 mus.
607 2496 638 2557 p.
664 2479 712 2552 97,
735 2471 814 2555 quia
837 2471 957 2538 Glonas
979 2495 1045 2539 non
1059 2473 1221 2540 auleticos
1246 2495 1333 2553 con·¹
1424 2495 1426 2499 ’

204 2584 321 2648 fecerit
353 2605 480 2665 nomos,
516 2583 573 2649 sed
605 2582 787 2650 aulodicos.
837 2582 1022 2648 Auleticam
1044 2583 1129 2648 enim
1152 2587 1256 2649 artem
1279 2584 1322 2648 ab

203 2693 332 2778 Olympi
355 2693 484 2759 demum
511 2699 604 2760 secta
625 2698 704 2776 post
725 2691 913 2759 Archilochi
932 2698 1076 2759 aetatem
1091 2695 1124 2758 in
1148 2694 1322 2760 Graeciam

204 2826 278 2870 csse
301 2805 473 2870 invectam.
482 2809 506 2884 ¹)
539 2806 584 2869 At
606 2810 674 2869 tam
691 2824 764 2869 sero
779 2802 935 2869 floruisse
950 2803 1090 2870 alterum
1105 2804 1197 2869 illum
1214 2803 1321 2888 Olym-

204 2936 283 2999 pum
306 2913 385 2979 mihi
408 2913 541 2998 quidem
562 2935 630 2980 non
653 2913 736 2978 satis
768 2913 912 2979 firmiter.
934 2915 1096 2997 probasse
1120 2914 1251 2981 videtur
1273 2915 1322 2979 vir

210 3025 429 3108 μωσικώτατος;
458 3031 494 3090 ut
520 3023 660 3102 interim,
689 3024 793 3090 donec
824 3024 959 3090 meliora
982 3023 1111 3104 docear,
1135 3023 1174 3088 de
1198 3023 1321 3091 Glonae

204 3135 310 3201 noma
341 3134 492 3201 aureum
523 3134 684 3218 ἀναγραφῇ
710 3133 757 3196 ru
792 3139 826 3198 a
855 3134 981 3200 ronuu
1008 3113 1110 3200 fioem‘
1137 3117 1338 3200 habendam
1424 3169 1426 3173 ψ

205 3265 280 3312 esse
303 3245 491 3311 existimem.
538 3243 602 3308 Sed
624 3250 663 3310 ut
686 3243 884 3325 erraverint3
907 3249 977 3310 tum
1001 3243 1124 3310 clarius
1140 3246 1240 3311 etiam
1262 3267 1320 3328 apn

204 3363 301 3440 paret
324 3379 361 3420 cx
381 3354 563 3433 Heraclide,
587 3356 643 3437 qui
658 3354 740 3419 illud
755 3376 795 3420 ex
817 3355 977 3438 ἀναγραφῇ
996 3353 1149 3439 Sicyonia
1171 3357 1321 3422 testimo-

205 3467 296 3532 nium
312 3470 514 3544 enotavcrat,
537 3465 681 3546 pendere
696 3462 837 3532 Pollucis
861 3470 1039 3530 auctorem.

163 3611 166 3616 ·
289 3577 380 3654 Quae
404 3597 478 3640 cum
500 3574 548 3640 ita
571 3575 651 3656 sint,
681 3575 724 3640 ad
738 3556 975 3641 'eundem'aut
1004 3575 1201 3644 simillimum
1230 3583 1318 3641 certe

205 3694 375 3753 auctorem
408 3692 516 3752 cetera
547 3705 677 3769 quoque
705 3705 860 3752 revocare
882 3685 993 3750 licebit
1016 3705 1102 3768 quac
1124 3685 1239 3752 Pollux
1267 3685 1318 3751 his

209 3797 371 3862 derebus
395 3797 570 3864 memoriae
592 3795 749 3879 prodidit
760 3797 786 3882 ²)

277 4020 301 4087 1)
320 4019 352 4073 cs.
371 4017 495 4086 Westph.
514 4021 594 4073 metr.
612 4017 642 4071 II
660 4020 720 4072 285.
733 4016 817 4072 Miror
835 4016 935 4082 antem,
953 4016 1068 4070 alterum
1084 4015 1204 4071 Pollucis
1222 4018 1318 4080 locum,

207 4103 221 4171 ξ
240 4106 280 4168 79,
299 4120 352 4172 quo
370 4103 470 4158 Clonae
489 4104 581 4171 aperte
600 4101 760 4156 tribuuntur
778 4103 807 4156 hi
825 4101 907 4167 nomi,
926 4115 1058 4167 nusquam
1076 4104 1318 4157 commemoratum

206 4205 265 4245 csso
283 4206 299 4242 a
316 4188 482 4258 Wcstphalo.

274 4276 301 4339 2)
318 4274 386 4327 Poll.
404 4275 419 4342 ξ
433 4275 473 4327 83.
492 4272 560 4343 μέρη
578 4272 751 4343 αὐλημάτων·
762 4303 797 4312 -
809 4270 995 4340 τερετίσματα,
1006 4271 1134 4341 νίγλαροι.
1148 4269 1189 4324 Cf.
1200 4269 1318 4339 Hesych.

205 4355 337 4430 νίγλαροι,
361 4357 553 4434 τερετίσματα,
572 4356 699 4434 περίεργα
715 4344 868 4433 κρέσμαπω
886 4373 996 4428 prorsus
1007 4356 1110 4418 ,cadom
1128 4355 1260 4424 leguntur
1275 4373 1318 4428 ap.
