3344 5126
928 429 966 488 18

386 609 556 695 Pamphilo
589 609 709 674 citatos
742 608 785 674 ab
814 608 999 688 Athenaeo,
1034 615 1068 674 et
1099 609 1298 696 Hesychium
1328 610 1501 676 convenire

387 726 542 784 accurate
564 717 801 783 demonstravit
823 722 978 799 nantas,
1008 738 1048 783 ea
1075 739 1150 784 cum
1169 720 1205 785 in
1225 719 1421 802 Diogeniani
1443 716 1506 781 lle-

353 859 362 876 ι
387 827 622 913 ριεργοπένητας
644 848 684 891 ex
705 832 868 908 Pamphilo
890 847 955 892 non
975 829 1124 912 potuisse
1145 831 1288 896 transire
1309 850 1505 914 persuasum

385 937 537 1020 habeam,
559 936 723 1003 communi
745 937 858 1021 potius
880 938 938 1002 illa
960 938 1042 1004 fonti
1062 937 1182 1004 debere
1202 959 1329 1020 censeo,
1350 960 1417 1005 non
1436 945 1505 1004 tam

384 1047 625 1130 Diogenianum
655 1052 689 1112 et
715 1049 906 1113 Athenaeum
943 1069 1042 1130 quam
1074 1048 1314 1131 Diogenianum
1350 1054 1385 1115 et
1414 1054 1505 1114 Pam-

381 1165 512 1240 philum.
548 1156 624 1223 Jam
638 1177 716 1224 vero
737 1177 942 1222 communem
956 1144 1130 1240 utriusque
1151 1157 1274 1223 fontem
1287 1179 1362 1224 eum
1383 1164 1507 1239 Didymi

385 1274 491 1334 lexico
518 1287 593 1333 esse
620 1273 761 1347 constet,
793 1270 888 1347 satis,
917 1266 1049 1351 opinor,
1077 1265 1209 1332 firmata
1242 1267 1325 1334 haec
1348 1274 1400 1333 est
1428 1288 1505 1334 eon·

385 1376 507 1457 clusio,
537 1377 633 1460 longe
661 1374 838 1461 plurimos,
866 1396 982 1462 nempe
1011 1395 1123 1442 omnes
1150 1375 1218 1443 fere
1246 1398 1328 1460 quos
1355 1377 1504 1442 Ranlrius

385 1487 588 1552 enumeravit
608 1486 789 1552 lexicorum
811 1491 963 1551 auctores
986 1486 1088 1550 etiam
1106 1485 1281 1571 Pamphilo
1302 1486 1368 1552 nisi
1389 1508 1430 1552 ex
1450 1492 1505 1550 Di·

385 1601 474 1676 dymo
497 1597 647 1677 cognitos
669 1617 734 1662 non
754 1595 869 1662 fuisse.
904 1595 1012 1677 Atque
1032 1601 1144 1679 potest
1163 1595 1226 1662 hoc
1248 1597 1349 1662 etiam
1370 1596 1504 1662 aliunde

385 1705 604 1771 demonstrari
624 1707 665 1772 de
686 1709 906 1787 Aristophane,
928 1709 1061 1786 Phileto,
1084 1709 1293 1785 Artemidoro,
1324 1711 1503 1782 theodoro,-

384 1814 420 1879 id
441 1814 529 1896 quod
557 1837 643 1880 nunc
672 1814 878 1899 significasse
907 1814 990 1880 satis
1017 1813 1134 1880 haheo.
1183 1815 1240 1900 (ef.
1267 1815 1384 1882 Philet.
1409 1814 1449 1880 fr.
1474 1821 1503 1879 5.

386 1924 540 1989 Artemid.
563 1945 615 2010 ap.
636 1925 776 2013 Hesyeh.
799 1925 920 2009 opilat,
943 1923 1044 1991 schol.
1066 1924 1167 1990 Arist.
1188 1925 1284 2011 Vesp.
1309 1929 1414 2006 1169).
1449 1925 1504 1990 Ita

383 2040 514 2113 Didymo
545 2033 657 2118 paullo
691 2033 908 2100 confidentius
940 2055 1005 2100 non
1036 2054 1146 2119 pauca
1171 2034 1287 2101 licebit
1318 2035 1502 2118 fragmenta

383 2143 558 2209 restituere
580 2148 613 2208 et
633 2163 710 2208 vero
725 2143 766 2210 de
781 2148 937 2210 Athenaei
955 2144 1102 2210 fontibus
1124 2164 1189 2209 non
1209 2143 1301 2212 nulla
1323 2142 1407 2210 satis
1429 2149 1502 2210 tuto

384 2253 522 2320 edicere.
563 2253 648 2319 Nam
670 2275 745 2319 eum
766 2253 872 2340 ipsius
895 2252 1026 2339 Didymi
1046 2251 1153 2319 lexica
1174 2254 1217 2320 ab
1239 2252 1410 2320 Athenaeo
1431 2273 1503 2320 ver-

385 2369 460 2430 sata
482 2383 555 2430 esse
576 2383 642 2429 non
661 2365 769 2448 possit
785 2368 944 2447 quantum
957 2362 1052 2430 video
1071 2362 1252 2428 ullomodo
1272 2363 1503 2444 demonstrari,

294 2487 295 2490 ’
383 2473 571 2556 ubicunque
600 2495 675 2539 cum
704 2472 867 2558 Hesychio
901 2473 1065 2538 consentit
1093 2472 1297 2554 Athenaeus,
1325 2493 1441 2539 revera
1467 2472 1502 2537 id

384 2582 625 2648 consectarium
657 2583 721 2648 erit
754 2582 842 2666 quod
868 2582 1017 2648 Rankius
1048 2581 1315 2667 Schmidtiusque
1343 2602 1409 2647 non
1434 2588 1502 2646 tam

384 2690 688 2757 demonstraverant
719 2713 819 2774 quam
852 2691 1007 2774 augurati
1042 2698 1150 2757 erant:
1190 2692 1354 2779 Pamphili
1386 2711 1503 2776 nempe

382 2800 511 2866 lexicon
533 2801 581 2867 eis
602 2802 686 2867 locis
702 2801 913 2886 compilatum
928 2819 1011 2865 esse.
1044 2799 1119 2865 Nisi
1133 2802 1222 2885 quod
1238 2823 1278 2867 ea
1299 2821 1366 2868 una
1379 2801 1501 2882 ubique

382 2909 571 2976 adhibenda
594 2911 658 2976 erit
679 2912 800 2992 cautio,
822 2910 910 2993 quod
924 2909 1113 2975 Athenaeus
1134 2910 1224 2975 haud
1246 2931 1323 2976 raro
1344 2911 1416 2995 ipse
1436 2908 1499 2973 eis·

383 3019 456 3084 dem
478 3041 559 3086 usus
582 3028 634 3086 est
653 3020 761 3100 libris,
790 3039 872 3101 quos
895 3019 929 3083 in
950 3017 1069 3082 lexicis·
1088 3021 1156 3084 suis
1184 3018 1415 3105 componendis
1440 3015 1498 3079 ad·

382 3128 538 3195 hibuerat
558 3131 726 3216 Didymus.

919 3449 975 3541 H.

468 3688 532 3754 Sed
559 3687 696 3770 dudum,
723 3695 819 3774 puto,
848 3709 913 3772 quo
941 3687 1074 3754 tandem
1103 3685 1235 3750 tendam
1268 3684 1408 3752 miratus
1438 3685 1501 3780 erit

380 3797 495 3878 lector,
515 3798 633 3879 longae
648 3817 759 3864 morae
774 3798 853 3864 olim
866 3798 1053 3884 impatiens.
1081 3793 1166 3860 Nam
1179 3796 1287 3879 longis
1304 3796 1500 3880 ambagibus

381 3907 462 3990 quid
484 3907 651 3973 consecuti
682 3908 814 3973 sumus?
857 3907 902 3973 Ut
928 3905 1059 3992 Didymi
1090 3904 1185 3970 libris
1213 3927 1276 3972 non
1303 3927 1400 3973 usum
1427 3926 1500 3971 esse

380 4018 549 4085 Pollucem
568 4017 834 4082 intellexerimus.
883 4016 929 4082 Ut
957 4014 1095 4081 eandem
1117 4019 1228 4080 tamen
1254 4014 1289 4079 in
1310 4015 1524 4081 universum'

382 4128 568 4196 doctrinam
601 4133 701 4209 atque
729 4127 762 4192 in
793 4127 890 4193 libris
924 4124 1092 4212 Didymeis
1124 4123 1158 4189 in
1191 4121 1336 4188 Pollucis
1370 4141 1499 4204 quoque

382 4240 585 4306 onomastico
614 4238 775 4304 contineri
800 4236 1073 4323 perspexerimus.
1123 4232 1168 4299 Ut
1200 4238 1345 4297 veterum
1373 4230 1500 4312 glosso-

382 4348 583 4434 graphorum
606 4347 762 4413 collectas
784 4367 863 4433 opes
885 4346 918 4412 in
933 4344 1066 4412 Polluce
1089 4351 1200 4409 extare
1215 4339 1371 4423 augurati
1387 4339 1500 4420 simus,
