3344 5126
886 389 926 451 42

348 573 483 640 credere
498 573 617 638 malim.
648 573 731 636 Nam
747 575 911 658 μιμητικήν
927 595 986 638 eur
1002 573 1087 636 hanc
1102 573 1308 657 potissimum
1324 570 1469 658 appella·

347 687 415 748 tam
430 682 603 749 credamus
619 686 873 766 pantornimicae
889 683 1073 748 saltationis
1090 683 1241 765 speciem,
1264 704 1338 746 cum
1354 683 1467 748 codem

346 794 475 858 nomine
499 798 532 860 et
555 794 737 880 κερνοφόρον
759 800 792 859 01
806 793 993 879 .μορφασμόν
1021 796 1053 859 01
1075 796 1182 855 σκῶπα
1212 798 1245 858 01
1270 791 1373 857 multa
1402 792 1468 858 alia

349 925 469 987 genera
493 905 673 989 significari
695 926 756 990 par
779 888 924 990 0000111)

434 1039 603 1122 Concedo,
636 1042 746 1126 paullo
777 1043 884 1107 minus
914 1041 1041 1106 firmam
1069 1061 1262 1123 essequam
1290 1041 1324 1103 in
1346 1040 1468 1104 instru-

349 1154 466 1216 mentis
489 1153 623 1216 musicis
654 1153 984 1235 argumentationem:
1020 1151 1079 1216 scd
1107 1172 1181 1215 curn
1210 1159 1322 1215 conire
1348 1149 1468 1216 iubam

351 1263 437 1346 quod
460 1262 568 1328 valeat
589 1263 814 1329 nihilomnino
839 1265 896 1344 sit,
919 1286 977 1347 pro
995 1285 1032 1328 eo
1055 1261 1183 1326 faciant
1206 1282 1290 1344 quae
1306 1261 1347 1326 de
1362 1261 1468 1326 00100-

348 1378 435 1437 10010
458 1371 559 1437 101011
581 1372 705 1454 Pollux,
727 1372 808 1438 mihi
830 1375 961 1456 quidem
985 1375 1067 1438 satis
1090 1373 1185 1437 firma
1213 1373 1295 1439 haec
1318 1372 1469 1437 videntur

351 1487 557 1565 argumenta,
581 1484 700 1566 quibus
723 1506 782 1575 riori
806 1490 956 1564 abjecisse
977 1484 1098 1550 librum
1128 1483 1340 1548 utilissimum
1370 1488 1468 1564 atque

349 1597 383 1660 in
406 1595 538 1678 organis
561 1595 697 1660 musicis
715 1595 820 1678 jama
844 1604 947 1662 semet
961 1598 1156 1679 usurpatum
1177 1592 1342 1660 Pollucem
1365 1593 1470 1660 credi·

349 1704 414 1770 bile
436 1703 512 1790 fiai?
532 1725 608 1769 nam
630 1704 712 1790 nihil
734 1706 822 1770 ultra
846 1705 1135 1771 demonstrandum
1157 1709 1216 1770 est.
1239 1741 1280 1750 -

431 1841 650 1924 Priusquam
678 1842 720 1907 ab
750 1841 918 1907 Athenaeo
948 1861 1067 1926 persus
1099 1841 1322 1923 discedamus,
1350 1842 1390 1906 de
1420 1843 1466 1905 eis

347 1974 431 2037 quac
454 1953 621 2038 capitibus
638 1958 763 2018 28-30
779 1953 926 2037 disputat
940 1974 1047 2037 pauca
1064 1956 1139 2017 sunt
1154 1952 1302 2017 dicenda.
1339 1951 1468 2020 Hausta

347 2066 430 2130 haec
458 2068 535 2129 sunt
563 2084 602 2128 ex
630 2068 816 2128 Aristoxeno
844 2065 899 2147 qui
928 2071 1046 2148 quater
1079 2067 1202 2128 citatur
1236 2083 1396 2145 quemque
1427 2062 1467 2126 de

347 2173 462 2240 eadem
485 2194 570 2257 quae
592 2171 661 2238 illic
682 2179 846 2240 tractatur
868 2197 904 2240 re
928 2181 1084 2241 accurate
1108 2175 1306 2239 disseruisse
1336 2172 1468 2244 aliunde

347 2279 510 2369 scimus.²)
547 2284 611 2349 Sed
626 2282 830 2350 Athenaeum
853 2286 1025 2368 quominus
1050 2307 1088 2350 ex
1104 2287 1176 2369 ipso
1199 2285 1257 2349 illa
1272 2282 1465 2348 Aristoxeno

345 2396 615 2480 transscripsisse
644 2395 791 2478 credam,
824 2399 989 2462 Aristocles
1024 2395 1106 2460 10011
1142 2395 1262 2459 mentio
1291 2416 1322 2476 p.
1352 2398 1413 2457 630
1441 2391 1468 2456 B

346 2506 477 2590 injecta.
535 2507 597 2584 Qui
629 2508 678 2572 vir
711 2528 785 2572 cum
819 2506 950 2589 quando
984 2507 1100 2572 vixerit
1135 2507 1296 2570 incertum
1330 2504 1386 2584 sit,
1422 2537 1465 2550 —-

346 2614 536 2698 Apollodori
553 2617 758 2682 Atheniensis
774 2617 946 2700 aequalem
968 2617 1072 2682 fuisse
1088 2618 1238 2700 speciosa
1254 2620 1304 2680 est
1320 2619 1468 2680 Meinelrr'i

347 2725 550 2810 conjectura,
578 2725 662 2790 anal.
692 2728 761 2791 crit.
791 2726 864 2794 Ath.
896 2750 927 2810 p.
958 2733 1029 2794 309.
1043 2729 1067 2812 ³)
1089 2765 1132 2775 -
1154 2726 1210 2791 diu
1239 2731 1349 2791 tamen
1375 2723 1466 2791 baud

417 2965 443 3032 1)
461 2961 540 3017 Idem
564 2962 593 3016 in
616 2965 664 3016 Ad.
688 2963 816 3018 Sekoellii
844 2963 1030 3034 conjecturam
1055 2964 1151 3018 cadero
1174 2962 1284 3018 videtur
1308 2961 1468 3030 ceteroquin

348 3046 590 3115 speciosissimam,
615 3046 644 3101 iu
666 3047 737 3117 libro
760 3049 793 3103 de
812 3049 882 3119 orig.
901 3066 992 3118 graec.
1011 3049 1097 3104 dram.
1117 3053 1209 3118 (quern
1227 3046 1296 3100 mihi
1316 3063 1370 3100 non
1387 3045 1469 3100 licuit

348 3131 508 3201 inspicere),
539 3150 566 3202 p.
596 3138 629 3186 91
660 3133 811 3202 prolatam:
848 3134 1008 3204 [ripple-edm
1045 3151 1210 3205 quemquam
1239 3131 1284 3185 illi
1311 3130 1468 3186 adsentitur

354 3215 382 3268 0.
403 3217 546 3270 Muellerus
570 3219 632 3272 Dor.
658 3219 687 3272 II
710 3221 759 3270 335
784 3235 824 3288 sq.
844 3219 906 3273 adn.
932 3219 975 3274 ed.
1000 3220 1056 3282 alt,
1074 3217 1180 3287 rojecta
1198 3233 1230 3272 ea
1255 3233 1336 3286 quam
1360 3214 1466 3284 ipsein

352 3299 442 3368 priore
465 3300 587 3356 editione
610 3307 792 3373 proposuerat
816 3303 989 3373 conjecture:
1017 3302 1223 3372 δεικηλιστικήν,
1247 3318 1311 3354 sanc
1335 3317 1467 3370 perquam

348 3383 530 3453 improbabili.

416 3491 442 3558 2)
460 3485 501 3542 (ll.
519 3489 610 3560 atym.
629 3491 666 3545 M.
685 3494 742 3553 112,
757 3491 798 3546 51.
834 3490 906 3544 Orus
927 3488 1187 3551 irretiebatur,
1209 3489 1247 3541 16.
1282 3487 1342 3541 Acl.
1354 3487 1466 3557 Dionys.

348 3587 391 3639 ap.
408 3572 540 3628 Eustath.
562 3577 694 3630 1111119.
716 3575 798 3630 Phot.
818 3575 845 3629 ll
868 3577 914 3627 155
936 3573 1005 3628 Nab.
1025 3573 1055 3627 V.
1082 3573 1259 3627 Schneiderus
1272 3571 1466 3627 011111001οῐ-

346 3673 437 3711 wesen
455 3673 483 3726 p.
502 3663 560 3714 226.
580 3661 620 3714 21.

416 3761 442 3825 31
463 3760 515 3826 Qui
533 3766 627 3816 tamen
647 3763 729 3818 verbo
748 3779 858 3818 monere
883 3759 1015 3824 debebat,
1040 3760 1079 3814 Ill
1101 3759 1235 3826 1141111]
1261 3760 1289 3813 in
1311 3760 1467 3830 Euergetas

348 3843 378 3897 ll
396 3843 486 3898 locum
505 3845 730 3900 substituendum
749 3863 809 3900 esso
826 3845 982 3914 Euergeten
1001 3845 1030 3908 13
1051 3861 1114 3898 nam
1133 3843 1181 3914 qui
1207 3843 1369 3912 Apollodori
1393 3843 1467 3897 01100

348 3946 449 3983 annum
469 3929 517 3982 140
536 3929 660 3985 florentis
679 3932 724 3995 (01.
744 3933 775 3986 A.
796 3931 934 3998 Schueser.
953 3929 1072 3983 Grundr.
1087 3928 1113 3982 d.
1127 3928 1270 3994 Qucllcnlr.
1289 3932 1342 3982 cet.
1356 3945 1382 3996 p.
1398 3926 1467 3994 101.)

349 4013 473 4084 aequalis
492 4017 553 4068 orat
579 4032 631 4070 non
652 4019 761 4085 poterat
778 4019 911 4085 tanquam
931 4015 977 4069 diu
1004 4012 1104 4069 mortui
1131 4013 1289 4067 meminisse
1312 4012 1468 4080 Euergetas

322 4089 325 4094 ’
342 4100 385 4174 11,
400 4117 425 4154 0.
441 4101 534 4154 illex
553 4099 612 4154 vita
631 4100 764 4154 cedentis.
797 4101 850 4154 Sed
863 4101 1019 4168 Euergetcn
1029 4103 1145 4170 primum
1164 4097 1207 4150 illi
1224 4097 1285 4152 loeo
1299 4097 1467 4152 reddendum

349 4203 409 4240 esso
429 4185 531 4240 dudum
545 4185 720 4240 intellectum
739 4187 794 4240 cst:
816 4201 840 4239 v.
856 4186 912 4238 1110.
925 4183 1077 4238 Voltiniam.
1096 4182 1131 4237 ad
1144 4182 1216 4236 Plut.
1235 4182 1268 4236 de
1287 4197 1356 4237 mus.
1369 4197 1397 4251 p.
1412 4186 1469 4236 150.

349 4300 382 4308 —
401 4268 531 4324 Ceterum
549 4269 640 4324 varios
659 4270 811 4325 Aristocles
832 4270 1027 4324 enumerarunt
1056 4269 1082 4323 C.
1106 4268 1250 4321 Muellerus
1272 4265 1340 4322 hist.
1363 4282 1405 4336 gr.
1429 4266 1469 4321 lv

349 4353 400 4406 329
418 4354 501 4412 0111.
520 4355 679 4412 Schmidlius
696 4354 804 4427 Didym.
823 4371 849 4427 p.
870 4359 901 4406 25
920 4369 960 4425 sq.
