<?xml version="1.0" encoding="UTF-8"?>
<!DOCTYPE html PUBLIC "-//W3C//DTD XHTML 1.0 Transitional//EN"
    "http://www.w3.org/TR/xhtml1/DTD/xhtml1-transitional.dtd">
<html xmlns="http://www.w3.org/1999/xhtml" xml:lang="en" lang="en">
 <head>
  <title>
</title>
<meta http-equiv="Content-Type" content="text/html;charset=utf-8" />
  <meta name='ocr-system' content='tesseract 3.04.00' />
  <meta name='ocr-capabilities' content='ocr_page ocr_carea ocr_par ocr_line ocrx_word'/>
</head>
<body>
  <div class='ocr_page' id='page_1' title='image "./dejuliipollucis00rohdgoog_0031.png"; bbox 0 0 3344 5126; ppageno 0'>
   <div class='ocr_carea' id='block_1_1' title="bbox 904 335 943 394">
    <p class='ocr_par' dir='ltr' id='par_1_1' title="bbox 904 335 943 394">
     <span class='ocr_line' id='line_1_1' title="bbox 904 335 943 394; baseline 0 0"><span class='ocrx_word' id='word_1_1' title='bbox 904 335 943 394; x_wconf 82' lang='lat'>22</span> 
     </span>
    </p>
   </div>
   <div class='ocr_carea' id='block_1_2' title="bbox 358 511 1482 1589">
    <p class='ocr_par' dir='ltr' id='par_1_2' title="bbox 358 511 1482 1150">
     <span class='ocr_line' id='line_1_2' title="bbox 423 511 1482 603; baseline 0.004 -25"><span class='ocrx_word' id='word_1_2' title='bbox 423 511 530 580; x_wconf 87' lang='lat' dir='ltr'>Schol.</span> <span class='ocrx_word' id='word_1_3' title='bbox 540 513 615 580; x_wconf 88' lang='lat' dir='ltr'>Ven.</span> <span class='ocrx_word' id='word_1_4' title='bbox 626 511 811 582; x_wconf 82' lang='lat' dir='ltr'>AristPac.</span> <span class='ocrx_word' id='word_1_5' title='bbox 831 520 890 584; x_wconf 84' lang='lat'>198</span> <span class='ocrx_word' id='word_1_6' title='bbox 900 518 977 602; x_wconf 89' lang='grc'><strong>(199</strong></span> <span class='ocrx_word' id='word_1_7' title='bbox 992 514 1173 603; x_wconf 88' lang='lat' dir='ltr'>Duebner.)</span> <span class='ocrx_word' id='word_1_8' title='bbox 1191 516 1374 602; x_wconf 84' lang='grc' dir='ltr'>Λοκόφρονά</span> <span class='ocrx_word' id='word_1_9' title='bbox 1390 541 1482 603; x_wconf 86' lang='grc' dir='ltr'>φησιν</span> 
     </span>
     <span class='ocr_line' id='line_1_3' title="bbox 358 614 1481 712; baseline 0.004 -26"><span class='ocrx_word' id='word_1_10' title='bbox 358 620 582 709; x_wconf 81' lang='grc' dir='ltr'>Ἐρατοσθένης</span> <span class='ocrx_word' id='word_1_11' title='bbox 604 624 638 688; x_wconf 82' lang='grc' dir='ltr'>τὸ</span> <span class='ocrx_word' id='word_1_12' title='bbox 663 622 847 708; x_wconf 76' lang='grc' dir='ltr'><strong>κύτταρον</strong></span> <span class='ocrx_word' id='word_1_13' title='bbox 876 623 977 708; x_wconf 68' lang='grc' dir='ltr'>λέγειν</span> <span class='ocrx_word' id='word_1_14' title='bbox 1001 623 1033 688; x_wconf 84' lang='grc' dir='ltr'>ἐν</span> <span class='ocrx_word' id='word_1_15' title='bbox 1060 614 1085 710; x_wconf 85' lang='grc' dir='ltr'>ᾧ</span> <span class='ocrx_word' id='word_1_16' title='bbox 1108 622 1137 688; x_wconf 85' lang='grc' dir='ltr'>οἱ</span> <span class='ocrx_word' id='word_1_17' title='bbox 1167 622 1261 711; x_wconf 80' lang='grc' dir='ltr'>φηγοὶ</span> <span class='ocrx_word' id='word_1_18' title='bbox 1283 625 1481 712; x_wconf 74' lang='grc' dir='ltr'>ἐγκάθηνται,</span> 
     </span>
     <span class='ocr_line' id='line_1_4' title="bbox 360 732 1482 823; baseline 0.005 -27"><span class='ocrx_word' id='word_1_19' title='bbox 360 733 413 796; x_wconf 83' lang='grc' dir='ltr'>οὐκ</span> <span class='ocrx_word' id='word_1_20' title='bbox 436 733 545 817; x_wconf 78' lang='grc' dir='ltr'>ὀρθῶς.</span> <span class='ocrx_word' id='word_1_21' title='bbox 569 732 735 819; x_wconf 83' lang='grc' dir='ltr'>κοττάροος</span> <span class='ocrx_word' id='word_1_22' title='bbox 758 737 815 820; x_wconf 76' lang='grc' dir='ltr'>γὰρ</span> <span class='ocrx_word' id='word_1_23' title='bbox 838 738 949 800; x_wconf 74' lang='grc' dir='ltr'>καλῦσι</span> <span class='ocrx_word' id='word_1_24' title='bbox 977 735 1030 807; x_wconf 84' lang='grc' dir='ltr'>τὰς</span> <span class='ocrx_word' id='word_1_25' title='bbox 1054 741 1114 799; x_wconf 85' lang='grc' dir='ltr'>τῶν</span> <span class='ocrx_word' id='word_1_26' title='bbox 1136 736 1251 822; x_wconf 78' lang='grc' dir='ltr'><strong>κηρίων</strong></span> <span class='ocrx_word' id='word_1_27' title='bbox 1273 733 1325 802; x_wconf 84' lang='grc' dir='ltr'>καὶ</span> <span class='ocrx_word' id='word_1_28' title='bbox 1355 744 1482 823; x_wconf 81' lang='grc' dir='ltr'>σφηκῶν</span> 
     </span>
     <span class='ocr_line' id='line_1_5' title="bbox 360 843 1481 934; baseline 0.005 -30"><span class='ocrx_word' id='word_1_29' title='bbox 360 843 568 926; x_wconf 75' lang='grc' dir='ltr'>κατατρήσεις.</span> <span class='ocrx_word' id='word_1_30' title='bbox 612 845 676 929; x_wconf 84' lang='lat' dir='ltr'>(Ex</span> <span class='ocrx_word' id='word_1_31' title='bbox 701 846 833 934; x_wconf 79' lang='lat' dir='ltr'>Didymi</span> <span class='ocrx_word' id='word_1_32' title='bbox 858 846 964 912; x_wconf 82' lang='lat' dir='ltr'><strong>lexico</strong></span> <span class='ocrx_word' id='word_1_33' title='bbox 994 845 1138 913; x_wconf 88' lang='lat' dir='ltr'>comico:</span> <span class='ocrx_word' id='word_1_34' title='bbox 1170 869 1199 912; x_wconf 85' lang='lat' dir='ltr'>v.</span> <span class='ocrx_word' id='word_1_35' title='bbox 1221 845 1379 912; x_wconf 83' lang='lat' dir='ltr'>Schmidt</span> <span class='ocrx_word' id='word_1_36' title='bbox 1406 847 1481 912; x_wconf 92' lang='lat' dir='ltr'>Did.</span> 
     </span>
     <span class='ocr_line' id='line_1_6' title="bbox 359 953 1481 1042; baseline 0.001 -24"><span class='ocrx_word' id='word_1_37' title='bbox 359 976 391 1036; x_wconf 92' lang='lat' dir='ltr'>p.</span> <span class='ocrx_word' id='word_1_38' title='bbox 414 959 454 1018; x_wconf 93' lang='grc'>45</span> <span class='ocrx_word' id='word_1_39' title='bbox 479 973 549 1037; x_wconf 85' lang='lat' dir='ltr'>sqq.</span> <span class='ocrx_word' id='word_1_40' title='bbox 570 953 683 1022; x_wconf 87' lang='lat' dir='ltr'>Naber</span> <span class='ocrx_word' id='word_1_41' title='bbox 703 956 786 1040; x_wconf 89' lang='lat' dir='ltr'>prol.</span> <span class='ocrx_word' id='word_1_42' title='bbox 807 955 901 1022; x_wconf 91' lang='lat' dir='ltr'>Phot.</span> <span class='ocrx_word' id='word_1_43' title='bbox 922 956 1045 1042; x_wconf 82' lang='grc' dir='ltr'>ρ.17.).</span> <span class='ocrx_word' id='word_1_44' title='bbox 1068 956 1149 1022; x_wconf 93' lang='lat' dir='ltr'>Poll.</span> <span class='ocrx_word' id='word_1_45' title='bbox 1170 955 1232 1021; x_wconf 90' lang='lat' dir='ltr'>VII</span> <span class='ocrx_word' id='word_1_46' title='bbox 1256 963 1332 1024; x_wconf 84' lang='lat'>147:</span> <span class='ocrx_word' id='word_1_47' title='bbox 1356 954 1387 1020; x_wconf 84' lang='grc' dir='ltr'>αἱ</span> <span class='ocrx_word' id='word_1_48' title='bbox 1409 953 1481 1020; x_wconf 78' lang='grc' dir='ltr'>δοιαὶ</span> 
     </span>
     <span class='ocr_line' id='line_1_7' title="bbox 361 1058 1482 1150; baseline 0.008 -25"><span class='ocrx_word' id='word_1_49' title='bbox 361 1058 412 1126; x_wconf 85' lang='grc' dir='ltr'>καὶ</span> <span class='ocrx_word' id='word_1_50' title='bbox 429 1061 459 1126; x_wconf 84' lang='grc' dir='ltr'>αἱ</span> <span class='ocrx_word' id='word_1_51' title='bbox 475 1062 654 1135; x_wconf 77' lang='grc' dir='ltr'>καταδύσεις</span> <span class='ocrx_word' id='word_1_52' title='bbox 669 1069 730 1128; x_wconf 87' lang='grc' dir='ltr'>τῶν</span> <span class='ocrx_word' id='word_1_53' title='bbox 745 1068 895 1149; x_wconf 83' lang='grc' dir='ltr'>μελιττῶν</span> <span class='ocrx_word' id='word_1_54' title='bbox 910 1069 1057 1130; x_wconf 79' lang='grc' dir='ltr'>καλΐινται</span> <span class='ocrx_word' id='word_1_55' title='bbox 1078 1065 1272 1150; x_wconf 80' lang='grc' dir='ltr'>κότταροι.</span> <span class='ocrx_word' id='word_1_56' title='bbox 1310 1067 1358 1134; x_wconf 82' lang='lat' dir='ltr'>Cf.</span> <span class='ocrx_word' id='word_1_57' title='bbox 1377 1073 1389 1130; x_wconf 94' lang='lat' dir='ltr'>I</span> <span class='ocrx_word' id='word_1_58' title='bbox 1409 1071 1482 1134; x_wconf 84' lang='grc'>254.</span> 
     </span>
    </p>

    <p class='ocr_par' dir='ltr' id='par_1_3' title="bbox 359 1169 1481 1589">
     <span class='ocr_line' id='line_1_8' title="bbox 445 1169 1481 1260; baseline 0.006 -24"><span class='ocrx_word' id='word_1_59' title='bbox 445 1174 610 1258; x_wconf 80' lang='grc' dir='ltr'>ἠδοντῆρες</span> <span class='ocrx_word' id='word_1_60' title='bbox 633 1171 662 1238; x_wconf 85' lang='grc' dir='ltr'>οἱ</span> <span class='ocrx_word' id='word_1_61' title='bbox 685 1173 767 1246; x_wconf 79' lang='grc' dir='ltr'>ἅλες.</span> <span class='ocrx_word' id='word_1_62' title='bbox 798 1169 1038 1259; x_wconf 78' lang='grc' dir='ltr'>Ἐρατοσθένης.</span> <span class='ocrx_word' id='word_1_63' title='bbox 1075 1175 1163 1260; x_wconf 86' lang='lat' dir='ltr'>(Non</span> <span class='ocrx_word' id='word_1_64' title='bbox 1184 1176 1219 1242; x_wconf 86' lang='lat' dir='ltr'>in</span> <span class='ocrx_word' id='word_1_65' title='bbox 1239 1175 1373 1258; x_wconf 85' lang='lat' dir='ltr'>Herma,</span> <span class='ocrx_word' id='word_1_66' title='bbox 1395 1196 1481 1259; x_wconf 85' lang='lat' dir='ltr'>quae</span> 
     </span>
     <span class='ocr_line' id='line_1_9' title="bbox 362 1283 1480 1370; baseline 0.004 -24"><span class='ocrx_word' id='word_1_67' title='bbox 362 1288 434 1348; x_wconf 85' lang='lat' dir='ltr'>erat</span> <span class='ocrx_word' id='word_1_68' title='bbox 454 1283 662 1370; x_wconf 87' lang='lat' dir='ltr'>Bernhardyi</span> <span class='ocrx_word' id='word_1_69' title='bbox 683 1283 793 1370; x_wconf 90' lang='lat' dir='ltr'>opinio</span> <span class='ocrx_word' id='word_1_70' title='bbox 815 1307 846 1368; x_wconf 90' lang='lat' dir='ltr'>p.</span> <span class='ocrx_word' id='word_1_71' title='bbox 871 1288 945 1366; x_wconf 85' lang='lat'>142,</span> <span class='ocrx_word' id='word_1_72' title='bbox 976 1285 1089 1350; x_wconf 88' lang='lat' dir='ltr'>sedin</span> <span class='ocrx_word' id='word_1_73' title='bbox 1111 1285 1208 1353; x_wconf 88' lang='lat' dir='ltr'>libris</span> <span class='ocrx_word' id='word_1_74' title='bbox 1231 1285 1272 1351; x_wconf 87' lang='lat' dir='ltr'>de</span> <span class='ocrx_word' id='word_1_75' title='bbox 1295 1285 1480 1351; x_wconf 82' lang='lat' dir='ltr'>comoedia:</span> 
     </span>
     <span class='ocr_line' id='line_1_10' title="bbox 359 1391 1481 1481; baseline 0 -23"><span class='ocrx_word' id='word_1_76' title='bbox 359 1415 387 1458; x_wconf 83' lang='lat' dir='ltr'>v.</span> <span class='ocrx_word' id='word_1_77' title='bbox 411 1391 569 1459; x_wconf 86' lang='lat' dir='ltr'>Schmidt.</span> <span class='ocrx_word' id='word_1_78' title='bbox 596 1394 670 1459; x_wconf 90' lang='lat' dir='ltr'>Did.</span> <span class='ocrx_word' id='word_1_79' title='bbox 697 1417 728 1480; x_wconf 92' lang='lat' dir='ltr'>p.</span> <span class='ocrx_word' id='word_1_80' title='bbox 757 1396 822 1481; x_wconf 90' lang='grc'>55.)</span> <span class='ocrx_word' id='word_1_81' title='bbox 865 1393 1005 1480; x_wconf 80' lang='lat' dir='ltr'>Hesych.</span> <span class='ocrx_word' id='word_1_82' title='bbox 1029 1432 1064 1442; x_wconf 89' lang='lat'><em>-</em></span> <span class='ocrx_word' id='word_1_83' title='bbox 1089 1391 1281 1459; x_wconf 79' lang='grc' dir='ltr'>Ἐκαλοῢντο</span> <span class='ocrx_word' id='word_1_84' title='bbox 1309 1394 1343 1458; x_wconf 83' lang='grc' dir='ltr'>δὲ</span> <span class='ocrx_word' id='word_1_85' title='bbox 1373 1391 1423 1458; x_wconf 82' lang='grc' dir='ltr'>καὶ</span> <span class='ocrx_word' id='word_1_86' title='bbox 1451 1393 1481 1458; x_wconf 85' lang='grc' dir='ltr'>οἱ</span> 
     </span>
     <span class='ocr_line' id='line_1_11' title="bbox 361 1501 892 1589; baseline 0.009 -24"><span class='ocrx_word' id='word_1_87' title='bbox 361 1501 434 1574; x_wconf 81' lang='grc' dir='ltr'>ἅλες</span> <span class='ocrx_word' id='word_1_88' title='bbox 455 1503 628 1589; x_wconf 82' lang='grc' dir='ltr'>ἡδοντῆρες.</span> <span class='ocrx_word' id='word_1_89' title='bbox 672 1502 752 1570; x_wconf 93' lang='lat' dir='ltr'>Poll.</span> <span class='ocrx_word' id='word_1_90' title='bbox 775 1502 819 1568; x_wconf 90' lang='lat' dir='ltr'>VI</span> <span class='ocrx_word' id='word_1_91' title='bbox 841 1510 892 1570; x_wconf 79' lang='lat'>71.</span> 
     </span>
    </p>
   </div>
   <div class='ocr_carea' id='block_1_3' title="bbox 357 1611 1481 2139">
    <p class='ocr_par' dir='ltr' id='par_1_4' title="bbox 357 1611 1481 2030">
     <span class='ocr_line' id='line_1_12' title="bbox 448 1611 1481 1706; baseline 0.002 -30"><span class='ocrx_word' id='word_1_92' title='bbox 448 1613 589 1699; x_wconf 78' lang='lat' dir='ltr'>Hesych.</span> <span class='ocrx_word' id='word_1_93' title='bbox 613 1613 787 1699; x_wconf 77' lang='grc' dir='ltr'>βασιλίδας·</span> <span class='ocrx_word' id='word_1_94' title='bbox 808 1612 952 1697; x_wconf 78' lang='grc' dir='ltr'>ὑπόδημα</span> <span class='ocrx_word' id='word_1_95' title='bbox 973 1616 1145 1697; x_wconf 67' lang='grc' dir='ltr'>γυναικεῖον</span> <span class='ocrx_word' id='word_1_96' title='bbox 1167 1611 1219 1677; x_wconf 83' lang='grc' dir='ltr'>καὶ</span> <span class='ocrx_word' id='word_1_97' title='bbox 1241 1615 1417 1706; x_wconf 66' lang='grc' dir='ltr'>αὐδητικόν,</span> <span class='ocrx_word' id='word_1_98' title='bbox 1440 1617 1481 1686; x_wconf 83' lang='grc' dir='ltr'>ὡς</span> 
     </span>
     <span class='ocr_line' id='line_1_13' title="bbox 357 1718 1481 1810; baseline 0.005 -26"><span class='ocrx_word' id='word_1_99' title='bbox 357 1718 592 1806; x_wconf 79' lang='grc' dir='ltr'>Ἔρατοςθένης,</span> <span class='ocrx_word' id='word_1_100' title='bbox 616 1720 675 1785; x_wconf 83' lang='grc' dir='ltr'>ἀπὸ</span> <span class='ocrx_word' id='word_1_101' title='bbox 697 1726 749 1785; x_wconf 80' lang='grc' dir='ltr'>τοῦ</span> <span class='ocrx_word' id='word_1_102' title='bbox 766 1721 915 1806; x_wconf 79' lang='grc' dir='ltr'>βασιλέως</span> <span class='ocrx_word' id='word_1_103' title='bbox 931 1722 1109 1810; x_wconf 73' lang='grc' dir='ltr'>κληθέντος.</span> <span class='ocrx_word' id='word_1_104' title='bbox 1132 1726 1229 1810; x_wconf 84' lang='lat' dir='ltr'>(com.</span> <span class='ocrx_word' id='word_1_105' title='bbox 1244 1725 1288 1790; x_wconf 81' lang='lat' dir='ltr'>fr.</span> <span class='ocrx_word' id='word_1_106' title='bbox 1302 1730 1330 1790; x_wconf 91' lang='grc'>5.</span> <span class='ocrx_word' id='word_1_107' title='bbox 1346 1747 1377 1808; x_wconf 85' lang='lat' dir='ltr'>p.</span> <span class='ocrx_word' id='word_1_108' title='bbox 1392 1728 1481 1810; x_wconf 86' lang='lat'><strong>206.)</strong></span> 
     </span>
     <span class='ocr_line' id='line_1_14' title="bbox 361 1827 1479 1920; baseline -0.001 -24"><span class='ocrx_word' id='word_1_109' title='bbox 361 1830 441 1897; x_wconf 91' lang='lat' dir='ltr'>Poll.</span> <span class='ocrx_word' id='word_1_110' title='bbox 462 1831 523 1896; x_wconf 86' lang='lat' dir='ltr'>VII</span> <span class='ocrx_word' id='word_1_111' title='bbox 546 1839 601 1898; x_wconf 83' lang='lat'>85:</span> <span class='ocrx_word' id='word_1_112' title='bbox 624 1829 829 1915; x_wconf 83' lang='grc' dir='ltr'>ὑποδημάτων</span> <span class='ocrx_word' id='word_1_113' title='bbox 851 1827 873 1895; x_wconf 78' lang='grc' dir='ltr'>δ’</span> <span class='ocrx_word' id='word_1_114' title='bbox 901 1827 970 1917; x_wconf 84' lang='grc' dir='ltr'>εἴδη</span> <span class='ocrx_word' id='word_1_115' title='bbox 989 1861 995 1876; x_wconf 92' lang='grc'>·</span> <span class='ocrx_word' id='word_1_116' title='bbox 1013 1831 1185 1918; x_wconf 74' lang='grc' dir='ltr'>βασιλίδας·</span> <span class='ocrx_word' id='word_1_117' title='bbox 1209 1836 1314 1920; x_wconf 80' lang='grc' dir='ltr'>ἐφόρει</span> <span class='ocrx_word' id='word_1_118' title='bbox 1336 1829 1358 1896; x_wconf 85' lang='grc' dir='ltr'>δ’</span> <span class='ocrx_word' id='word_1_119' title='bbox 1385 1833 1479 1903; x_wconf 83' lang='grc' dir='ltr'>αὐτὰς</span> 
     </span>
     <span class='ocr_line' id='line_1_15' title="bbox 362 1937 1449 2030; baseline -0.001 -26"><span class='ocrx_word' id='word_1_120' title='bbox 362 1941 377 2004; x_wconf 86' lang='grc' dir='ltr'><strong>ὁ</strong></span> <span class='ocrx_word' id='word_1_121' title='bbox 401 1940 541 2026; x_wconf 78' lang='grc' dir='ltr'>βασιλεὺς</span> <span class='ocrx_word' id='word_1_122' title='bbox 559 1937 743 2027; x_wconf 74' lang='grc' dir='ltr'>Ἀθήνησιν.</span> <span class='ocrx_word' id='word_1_123' title='bbox 1446 2022 1449 2030; x_wconf 36' lang='grc' dir='ltr'>Ι</span> 
     </span>
    </p>

    <p class='ocr_par' dir='ltr' id='par_1_5' title="bbox 445 2050 1481 2139">
     <span class='ocr_line' id='line_1_16' title="bbox 445 2050 1481 2139; baseline 0 -23"><span class='ocrx_word' id='word_1_124' title='bbox 445 2052 623 2118; x_wconf 85' lang='lat' dir='ltr'>Praeterea</span> <span class='ocrx_word' id='word_1_125' title='bbox 643 2073 718 2116; x_wconf 92' lang='lat' dir='ltr'>cum</span> <span class='ocrx_word' id='word_1_126' title='bbox 740 2050 950 2118; x_wconf 87' lang='lat' dir='ltr'>Eratosthen.</span> <span class='ocrx_word' id='word_1_127' title='bbox 972 2053 1011 2120; x_wconf 83' lang='lat' dir='ltr'>fr.</span> <span class='ocrx_word' id='word_1_128' title='bbox 1036 2060 1074 2120; x_wconf 89' lang='lat'>16</span> <span class='ocrx_word' id='word_1_129' title='bbox 1096 2078 1128 2139; x_wconf 93' lang='lat' dir='ltr'>p.</span> <span class='ocrx_word' id='word_1_130' title='bbox 1151 2061 1214 2121; x_wconf 84' lang='lat'>214</span> <span class='ocrx_word' id='word_1_131' title='bbox 1236 2055 1276 2121; x_wconf 86' lang='lat' dir='ltr'>cf.</span> <span class='ocrx_word' id='word_1_132' title='bbox 1298 2053 1378 2118; x_wconf 91' lang='lat' dir='ltr'>Poll.</span> <span class='ocrx_word' id='word_1_133' title='bbox 1401 2051 1481 2117; x_wconf 83' lang='lat' dir='ltr'>VIII</span> 
     </span>
    </p>
   </div>
   <div class='ocr_carea' id='block_1_4' title="bbox 361 2161 1479 2357">
    <p class='ocr_par' dir='ltr' id='par_1_6' title="bbox 361 2161 1479 2357">
     <span class='ocr_line' id='line_1_17' title="bbox 362 2161 1479 2248; baseline 0.001 -23"><span class='ocrx_word' id='word_1_134' title='bbox 362 2166 423 2240; x_wconf 88' lang='grc'>21.,</span> <span class='ocrx_word' id='word_1_135' title='bbox 444 2181 519 2227; x_wconf 91' lang='lat' dir='ltr'>cum</span> <span class='ocrx_word' id='word_1_136' title='bbox 540 2161 580 2228; x_wconf 87' lang='lat' dir='ltr'>fr.</span> <span class='ocrx_word' id='word_1_137' title='bbox 604 2169 642 2228; x_wconf 89' lang='grc'>18</span> <span class='ocrx_word' id='word_1_138' title='bbox 664 2187 695 2248; x_wconf 92' lang='lat' dir='ltr'>p.</span> <span class='ocrx_word' id='word_1_139' title='bbox 716 2169 780 2228; x_wconf 84' lang='grc'>217</span> <span class='ocrx_word' id='word_1_140' title='bbox 803 2161 892 2246; x_wconf 80' lang='lat' dir='ltr'>(coll</span> <span class='ocrx_word' id='word_1_141' title='bbox 916 2168 1065 2229; x_wconf 77' lang='lat' dir='ltr'>Schmidt.</span> <span class='ocrx_word' id='word_1_142' title='bbox 1086 2165 1162 2231; x_wconf 92' lang='lat' dir='ltr'>Did.</span> <span class='ocrx_word' id='word_1_143' title='bbox 1184 2187 1214 2248; x_wconf 90' lang='lat' dir='ltr'>p.</span> <span class='ocrx_word' id='word_1_144' title='bbox 1238 2169 1301 2243; x_wconf 82' lang='lat'><strong>45.)</strong></span> <span class='ocrx_word' id='word_1_145' title='bbox 1335 2163 1375 2229; x_wconf 87' lang='lat' dir='ltr'>cf.</span> <span class='ocrx_word' id='word_1_146' title='bbox 1398 2161 1479 2227; x_wconf 91' lang='lat' dir='ltr'>Poll.</span> 
     </span>
     <span class='ocr_line' id='line_1_18' title="bbox 361 2269 1477 2357; baseline 0.003 -22"><span class='ocrx_word' id='word_1_147' title='bbox 361 2269 388 2335; x_wconf 94' lang='lat' dir='ltr'>V</span> <span class='ocrx_word' id='word_1_148' title='bbox 406 2276 463 2354; x_wconf 83' lang='lat' dir='ltr'>lo,</span> <span class='ocrx_word' id='word_1_149' title='bbox 486 2292 570 2339; x_wconf 88' lang='lat' dir='ltr'>cum.</span> <span class='ocrx_word' id='word_1_150' title='bbox 592 2272 633 2338; x_wconf 82' lang='lat' dir='ltr'>fr.</span> <span class='ocrx_word' id='word_1_151' title='bbox 655 2277 706 2339; x_wconf 84' lang='lat'>29.</span> <span class='ocrx_word' id='word_1_152' title='bbox 728 2296 760 2357; x_wconf 92' lang='lat' dir='ltr'>p.</span> <span class='ocrx_word' id='word_1_153' title='bbox 784 2277 846 2338; x_wconf 87' lang='grc'>224</span> <span class='ocrx_word' id='word_1_154' title='bbox 868 2272 908 2338; x_wconf 88' lang='lat' dir='ltr'>cf.</span> <span class='ocrx_word' id='word_1_155' title='bbox 932 2271 966 2338; x_wconf 91' lang='lat' dir='ltr'>P.</span> <span class='ocrx_word' id='word_1_156' title='bbox 981 2273 1030 2338; x_wconf 94' lang='grc' dir='ltr'>ΙΠ</span> <span class='ocrx_word' id='word_1_157' title='bbox 1054 2281 1114 2356; x_wconf 89' lang='grc'>53,</span> <span class='ocrx_word' id='word_1_158' title='bbox 1136 2297 1210 2340; x_wconf 89' lang='lat' dir='ltr'>oum</span> <span class='ocrx_word' id='word_1_159' title='bbox 1232 2273 1271 2338; x_wconf 86' lang='lat' dir='ltr'>fr.</span> <span class='ocrx_word' id='word_1_160' title='bbox 1295 2277 1345 2338; x_wconf 89' lang='grc'>46.</span> <span class='ocrx_word' id='word_1_161' title='bbox 1368 2295 1399 2356; x_wconf 89' lang='grc' dir='ltr'>ρ.</span> <span class='ocrx_word' id='word_1_162' title='bbox 1415 2277 1477 2338; x_wconf 86' lang='grc'>233</span> 
     </span>
    </p>
   </div>
   <div class='ocr_carea' id='block_1_5' title="bbox 239 2375 1480 2468">
    <p class='ocr_par' dir='ltr' id='par_1_7' title="bbox 239 2375 1480 2468">
     <span class='ocr_line' id='line_1_19' title="bbox 239 2375 1480 2468; baseline 0.002 -24"><span class='ocrx_word' id='word_1_163' title='bbox 239 2418 243 2425; x_wconf 97' lang='grc'>-</span> <span class='ocrx_word' id='word_1_164' title='bbox 361 2375 401 2446; x_wconf 87' lang='lat' dir='ltr'>cf.</span> <span class='ocrx_word' id='word_1_165' title='bbox 425 2380 459 2446; x_wconf 93' lang='grc' dir='ltr'>Ρ.</span> <span class='ocrx_word' id='word_1_166' title='bbox 481 2380 513 2445; x_wconf 94' lang='lat' dir='ltr'>Il</span> <span class='ocrx_word' id='word_1_167' title='bbox 537 2385 596 2462; x_wconf 66' lang='lat'>40„</span> <span class='ocrx_word' id='word_1_168' title='bbox 620 2403 703 2447; x_wconf 88' lang='lat' dir='ltr'>cum.</span> <span class='ocrx_word' id='word_1_169' title='bbox 726 2383 765 2448; x_wconf 92' lang='lat' dir='ltr'>fr.</span> <span class='ocrx_word' id='word_1_170' title='bbox 788 2389 837 2449; x_wconf 85' lang='grc'>47.</span> <span class='ocrx_word' id='word_1_171' title='bbox 858 2406 887 2468; x_wconf 92' lang='lat' dir='ltr'>p.</span> <span class='ocrx_word' id='word_1_172' title='bbox 913 2387 974 2448; x_wconf 89' lang='grc'>233</span> <span class='ocrx_word' id='word_1_173' title='bbox 998 2403 1046 2466; x_wconf 88' lang='lat' dir='ltr'>sq.</span> <span class='ocrx_word' id='word_1_174' title='bbox 1068 2384 1155 2467; x_wconf 92' lang='lat' dir='ltr'>(coll.</span> <span class='ocrx_word' id='word_1_175' title='bbox 1180 2388 1329 2450; x_wconf 76' lang='lat' dir='ltr'>Schmidt.</span> <span class='ocrx_word' id='word_1_176' title='bbox 1350 2381 1425 2447; x_wconf 93' lang='lat' dir='ltr'>Did.</span> <span class='ocrx_word' id='word_1_177' title='bbox 1448 2405 1480 2466; x_wconf 91' lang='lat' dir='ltr'>p.</span> 
     </span>
    </p>
   </div>
   <div class='ocr_carea' id='block_1_6' title="bbox 357 2490 1548 4228">
    <p class='ocr_par' dir='ltr' id='par_1_8' title="bbox 362 2490 749 2570">
     <span class='ocr_line' id='line_1_20' title="bbox 362 2490 749 2570; baseline 0.008 -15"><span class='ocrx_word' id='word_1_178' title='bbox 362 2497 416 2570; x_wconf 88' lang='grc'>44)</span> <span class='ocrx_word' id='word_1_179' title='bbox 439 2490 479 2557; x_wconf 88' lang='lat' dir='ltr'>cf.</span> <span class='ocrx_word' id='word_1_180' title='bbox 502 2492 536 2556; x_wconf 91' lang='lat' dir='ltr'>P.</span> <span class='ocrx_word' id='word_1_181' title='bbox 559 2491 602 2556; x_wconf 88' lang='lat' dir='ltr'>VI</span> <span class='ocrx_word' id='word_1_182' title='bbox 625 2497 664 2558; x_wconf 78' lang='lat'>77</span> <span class='ocrx_word' id='word_1_183' title='bbox 688 2500 749 2558; x_wconf 87' lang='lat' dir='ltr'>cet.</span> 
     </span>
    </p>

    <p class='ocr_par' dir='ltr' id='par_1_9' title="bbox 357 2601 1548 4228">
     <span class='ocr_line' id='line_1_21' title="bbox 446 2601 1483 2688; baseline 0.001 -23"><span class='ocrx_word' id='word_1_184' title='bbox 446 2601 511 2666; x_wconf 80' lang='lat' dir='ltr'>Sed</span> <span class='ocrx_word' id='word_1_185' title='bbox 538 2601 615 2667; x_wconf 91' lang='lat' dir='ltr'>hinc</span> <span class='ocrx_word' id='word_1_186' title='bbox 641 2602 724 2668; x_wconf 90' lang='lat' dir='ltr'>nihil</span> <span class='ocrx_word' id='word_1_187' title='bbox 751 2601 843 2668; x_wconf 89' lang='lat' dir='ltr'>aliud</span> <span class='ocrx_word' id='word_1_188' title='bbox 869 2605 992 2688; x_wconf 88' lang='lat' dir='ltr'>poterit</span> <span class='ocrx_word' id='word_1_189' title='bbox 1022 2604 1189 2686; x_wconf 87' lang='lat' dir='ltr'>concludi,</span> <span class='ocrx_word' id='word_1_190' title='bbox 1222 2624 1322 2686; x_wconf 87' lang='lat' dir='ltr'>quam</span> <span class='ocrx_word' id='word_1_191' title='bbox 1351 2602 1483 2668; x_wconf 87' lang='lat' dir='ltr'>abillis</span> 
     </span>
     <span class='ocr_line' id='line_1_22' title="bbox 362 2711 1482 2799; baseline 0.002 -23"><span class='ocrx_word' id='word_1_192' title='bbox 362 2731 445 2794; x_wconf 85' lang='lat' dir='ltr'>quos</span> <span class='ocrx_word' id='word_1_193' title='bbox 466 2711 582 2777; x_wconf 89' lang='lat' dir='ltr'>Pollux</span> <span class='ocrx_word' id='word_1_194' title='bbox 604 2712 799 2778; x_wconf 82' lang='lat' dir='ltr'>consulebat</span> <span class='ocrx_word' id='word_1_195' title='bbox 824 2714 1021 2780; x_wconf 88' lang='lat' dir='ltr'>auctoribus</span> <span class='ocrx_word' id='word_1_196' title='bbox 1051 2719 1229 2799; x_wconf 90' lang='lat' dir='ltr'>usurpatos</span> <span class='ocrx_word' id='word_1_197' title='bbox 1259 2733 1333 2779; x_wconf 83' lang='lat' dir='ltr'>esse</span> <span class='ocrx_word' id='word_1_198' title='bbox 1360 2712 1482 2778; x_wconf 88' lang='lat' dir='ltr'>Erato·</span> 
     </span>
     <span class='ocr_line' id='line_1_23' title="bbox 362 2821 1482 2909; baseline 0.001 -24"><span class='ocrx_word' id='word_1_199' title='bbox 362 2821 487 2886; x_wconf 89' lang='lat' dir='ltr'>sthenis</span> <span class='ocrx_word' id='word_1_200' title='bbox 503 2822 772 2904; x_wconf 88' lang='lat' dir='ltr'>commentarios;</span> <span class='ocrx_word' id='word_1_201' title='bbox 793 2823 903 2909; x_wconf 84' lang='lat' dir='ltr'>ipsum</span> <span class='ocrx_word' id='word_1_202' title='bbox 918 2845 978 2890; x_wconf 89' lang='lat' dir='ltr'>cur</span> <span class='ocrx_word' id='word_1_203' title='bbox 993 2824 1067 2890; x_wconf 82' lang='lat' dir='ltr'>illos</span> <span class='ocrx_word' id='word_1_204' title='bbox 1090 2831 1166 2890; x_wconf 88' lang='lat' dir='ltr'>ante</span> <span class='ocrx_word' id='word_1_205' title='bbox 1180 2823 1303 2888; x_wconf 89' lang='lat' dir='ltr'>librum</span> <span class='ocrx_word' id='word_1_206' title='bbox 1318 2823 1482 2888; x_wconf 91' lang='lat' dir='ltr'>decimum</span> 
     </span>
     <span class='ocr_line' id='line_1_24' title="bbox 360 2929 1481 3018; baseline 0 -23"><span class='ocrx_word' id='word_1_207' title='bbox 360 2929 601 3017; x_wconf 83' lang='lat' dir='ltr'>conficiendum</span> <span class='ocrx_word' id='word_1_208' title='bbox 622 2932 745 2998; x_wconf 81' lang='lat' dir='ltr'>vidisse</span> <span class='ocrx_word' id='word_1_209' title='bbox 767 2933 951 3016; x_wconf 81' lang='lat' dir='ltr'>negandum</span> <span class='ocrx_word' id='word_1_210' title='bbox 975 2933 1019 2999; x_wconf 87' lang='lat' dir='ltr'>sit</span> <span class='ocrx_word' id='word_1_211' title='bbox 1034 2955 1135 3018; x_wconf 87' lang='lat' dir='ltr'>supra</span> <span class='ocrx_word' id='word_1_212' title='bbox 1151 2932 1325 2998; x_wconf 79' lang='lat' dir='ltr'>declaravi.</span> <span class='ocrx_word' id='word_1_213' title='bbox 1360 2931 1405 2996; x_wconf 88' lang='lat' dir='ltr'>Et</span> <span class='ocrx_word' id='word_1_214' title='bbox 1426 2929 1481 2996; x_wconf 90' lang='lat' dir='ltr'>fir·</span> 
     </span>
     <span class='ocr_line' id='line_1_25' title="bbox 362 3041 1482 3128; baseline -0.001 -23"><span class='ocrx_word' id='word_1_215' title='bbox 362 3048 473 3107; x_wconf 89' lang='lat' dir='ltr'>matur</span> <span class='ocrx_word' id='word_1_216' title='bbox 495 3041 638 3124; x_wconf 90' lang='lat' dir='ltr'>quodam</span> <span class='ocrx_word' id='word_1_217' title='bbox 667 3041 764 3108; x_wconf 90' lang='lat' dir='ltr'>modo</span> <span class='ocrx_word' id='word_1_218' title='bbox 795 3041 879 3108; x_wconf 87' lang='lat' dir='ltr'>hacc</span> <span class='ocrx_word' id='word_1_219' title='bbox 907 3044 1071 3109; x_wconf 87' lang='lat' dir='ltr'>sententia</span> <span class='ocrx_word' id='word_1_220' title='bbox 1099 3065 1137 3110; x_wconf 93' lang='lat' dir='ltr'>eo</span> <span class='ocrx_word' id='word_1_221' title='bbox 1167 3043 1255 3128; x_wconf 93' lang='lat' dir='ltr'>quod</span> <span class='ocrx_word' id='word_1_222' title='bbox 1284 3041 1482 3125; x_wconf 72' lang='lat' dir='ltr'>aliquotiens</span> 
     </span>
     <span class='ocr_line' id='line_1_26' title="bbox 362 3151 1548 3235; baseline -0.002 -19"><span class='ocrx_word' id='word_1_223' title='bbox 362 3152 406 3217; x_wconf 87' lang='lat' dir='ltr'>ab</span> <span class='ocrx_word' id='word_1_224' title='bbox 438 3151 671 3217; x_wconf 79' lang='lat' dir='ltr'>Eratosthenis</span> <span class='ocrx_word' id='word_1_225' title='bbox 704 3152 849 3218; x_wconf 89' lang='lat' dir='ltr'>decretis</span> <span class='ocrx_word' id='word_1_226' title='bbox 883 3154 1079 3231; x_wconf 85' lang='lat' dir='ltr'>discessisse</span> <span class='ocrx_word' id='word_1_227' title='bbox 1107 3152 1273 3219; x_wconf 89' lang='lat' dir='ltr'>Pollucem</span> <span class='ocrx_word' id='word_1_228' title='bbox 1306 3171 1482 3235; x_wconf 88' lang='lat' dir='ltr'>possumus</span> <span class='ocrx_word' id='word_1_229' title='bbox 1545 3227 1548 3232; x_wconf 20' lang='grc' dir='ltr'>Ι</span> 
     </span>
     <span class='ocr_line' id='line_1_27' title="bbox 362 3257 1481 3346; baseline 0 -22"><span class='ocrx_word' id='word_1_230' title='bbox 362 3260 599 3328; x_wconf 87' lang='lat' dir='ltr'>demonstrare.</span> <span class='ocrx_word' id='word_1_231' title='bbox 635 3259 743 3326; x_wconf 88' lang='lat' dir='ltr'>Veluti</span> <span class='ocrx_word' id='word_1_232' title='bbox 759 3282 843 3344; x_wconf 88' lang='lat' dir='ltr'>quae</span> <span class='ocrx_word' id='word_1_233' title='bbox 866 3262 906 3327; x_wconf 90' lang='lat' dir='ltr'>de</span> <span class='ocrx_word' id='word_1_234' title='bbox 920 3264 1057 3330; x_wconf 81' lang='lat' dir='ltr'>vocibus</span> <span class='ocrx_word' id='word_1_235' title='bbox 1073 3260 1179 3346; x_wconf 77' lang='grc' dir='ltr'>σισύρα</span> <span class='ocrx_word' id='word_1_236' title='bbox 1194 3268 1227 3327; x_wconf 89' lang='lat' dir='ltr'>et</span> <span class='ocrx_word' id='word_1_237' title='bbox 1241 3257 1364 3344; x_wconf 83' lang='grc' dir='ltr'>σίσορνα</span> <span class='ocrx_word' id='word_1_238' title='bbox 1385 3261 1481 3326; x_wconf 89' lang='lat' dir='ltr'>docet</span> 
     </span>
     <span class='ocr_line' id='line_1_28' title="bbox 363 3369 1480 3454; baseline 0.001 -20"><span class='ocrx_word' id='word_1_239' title='bbox 363 3370 477 3436; x_wconf 90' lang='lat' dir='ltr'>Pollux</span> <span class='ocrx_word' id='word_1_240' title='bbox 498 3369 558 3436; x_wconf 88' lang='lat' dir='ltr'>VH</span> <span class='ocrx_word' id='word_1_241' title='bbox 582 3376 621 3434; x_wconf 85' lang='lat'>70</span> <span class='ocrx_word' id='word_1_242' title='bbox 649 3371 780 3438; x_wconf 87' lang='lat' dir='ltr'>minime</span> <span class='ocrx_word' id='word_1_243' title='bbox 804 3374 1006 3438; x_wconf 84' lang='lat' dir='ltr'>conveniunt</span> <span class='ocrx_word' id='word_1_244' title='bbox 1034 3392 1108 3437; x_wconf 89' lang='lat' dir='ltr'>cum</span> <span class='ocrx_word' id='word_1_245' title='bbox 1137 3371 1185 3437; x_wconf 87' lang='lat' dir='ltr'>eis</span> <span class='ocrx_word' id='word_1_246' title='bbox 1213 3392 1298 3454; x_wconf 86' lang='lat' dir='ltr'>quac</span> <span class='ocrx_word' id='word_1_247' title='bbox 1326 3372 1369 3437; x_wconf 88' lang='lat' dir='ltr'>ab</span> <span class='ocrx_word' id='word_1_248' title='bbox 1396 3370 1480 3435; x_wconf 87' lang='lat' dir='ltr'>Era·</span> 
     </span>
     <span class='ocr_line' id='line_1_29' title="bbox 360 3479 1480 3565; baseline 0 -21"><span class='ocrx_word' id='word_1_249' title='bbox 360 3481 512 3546; x_wconf 88' lang='lat' dir='ltr'>tosthene</span> <span class='ocrx_word' id='word_1_250' title='bbox 535 3479 658 3546; x_wconf 88' lang='lat' dir='ltr'>scimus</span> <span class='ocrx_word' id='word_1_251' title='bbox 681 3481 830 3564; x_wconf 86' lang='lat' dir='ltr'>exposita</span> <span class='ocrx_word' id='word_1_252' title='bbox 851 3481 972 3548; x_wconf 84' lang='lat' dir='ltr'>fuisse:</span> <span class='ocrx_word' id='word_1_253' title='bbox 994 3504 1022 3546; x_wconf 88' lang='grc' dir='ltr'>ν.</span> <span class='ocrx_word' id='word_1_254' title='bbox 1037 3486 1186 3547; x_wconf 75' lang='lat' dir='ltr'>Schmidt.</span> <span class='ocrx_word' id='word_1_255' title='bbox 1208 3479 1283 3547; x_wconf 93' lang='lat' dir='ltr'>Did.</span> <span class='ocrx_word' id='word_1_256' title='bbox 1297 3504 1327 3565; x_wconf 92' lang='lat' dir='ltr'>p.</span> <span class='ocrx_word' id='word_1_257' title='bbox 1344 3486 1383 3546; x_wconf 89' lang='grc'>62</span> <span class='ocrx_word' id='word_1_258' title='bbox 1408 3500 1480 3563; x_wconf 89' lang='lat' dir='ltr'>sqq.</span> 
     </span>
     <span class='ocr_line' id='line_1_30' title="bbox 362 3589 1480 3673; baseline -0.002 -18"><span class='ocrx_word' id='word_1_259' title='bbox 362 3589 514 3657; x_wconf 80' lang='lat' dir='ltr'>(letarum</span> <span class='ocrx_word' id='word_1_260' title='bbox 547 3590 635 3673; x_wconf 89' lang='lat' dir='ltr'>quod</span> <span class='ocrx_word' id='word_1_261' title='bbox 668 3589 940 3659; x_wconf 78' lang='lat' dir='ltr'>Eratosthenicae</span> <span class='ocrx_word' id='word_1_262' title='bbox 970 3591 1140 3658; x_wconf 89' lang='lat' dir='ltr'>doctrinae</span> <span class='ocrx_word' id='word_1_263' title='bbox 1169 3596 1219 3657; x_wconf 91' lang='lat' dir='ltr'>tot</span> <span class='ocrx_word' id='word_1_264' title='bbox 1253 3590 1415 3673; x_wconf 91' lang='lat' dir='ltr'>hodieque</span> <span class='ocrx_word' id='word_1_265' title='bbox 1446 3589 1480 3652; x_wconf 94' lang='lat' dir='ltr'>in</span> 
     </span>
     <span class='ocr_line' id='line_1_31' title="bbox 362 3698 1480 3787; baseline 0 -25"><span class='ocrx_word' id='word_1_266' title='bbox 362 3699 494 3766; x_wconf 87' lang='lat' dir='ltr'>Polluce</span> <span class='ocrx_word' id='word_1_267' title='bbox 516 3709 678 3786; x_wconf 86' lang='lat' dir='ltr'>apparent</span> <span class='ocrx_word' id='word_1_268' title='bbox 698 3702 840 3784; x_wconf 80' lang='lat' dir='ltr'>vestigia</span> <span class='ocrx_word' id='word_1_269' title='bbox 861 3702 983 3768; x_wconf 90' lang='lat' dir='ltr'>nemini</span> <span class='ocrx_word' id='word_1_270' title='bbox 998 3703 1117 3767; x_wconf 91' lang='lat' dir='ltr'>mirum</span> <span class='ocrx_word' id='word_1_271' title='bbox 1132 3700 1204 3766; x_wconf 89' lang='lat' dir='ltr'>erit.</span> <span class='ocrx_word' id='word_1_272' title='bbox 1227 3698 1369 3787; x_wconf 67' lang='lat' dir='ltr'>„Scimus</span> <span class='ocrx_word' id='word_1_273' title='bbox 1385 3699 1480 3778; x_wconf 90' lang='lat' dir='ltr'>enim,</span> 
     </span>
     <span class='ocr_line' id='line_1_32' title="bbox 357 3807 1479 3897; baseline -0.003 -24"><span class='ocrx_word' id='word_1_274' title='bbox 357 3810 427 3890; x_wconf 88' lang='lat' dir='ltr'>jam</span> <span class='ocrx_word' id='word_1_275' title='bbox 453 3807 524 3874; x_wconf 84' lang='lat' dir='ltr'>vivo</span> <span class='ocrx_word' id='word_1_276' title='bbox 556 3809 775 3875; x_wconf 82' lang='lat' dir='ltr'>Eratosthene</span> <span class='ocrx_word' id='word_1_277' title='bbox 811 3811 855 3876; x_wconf 88' lang='lat' dir='ltr'>ab</span> <span class='ocrx_word' id='word_1_278' title='bbox 886 3811 1131 3897; x_wconf 88' lang='lat' dir='ltr'>impudentibus</span> <span class='ocrx_word' id='word_1_279' title='bbox 1166 3809 1354 3876; x_wconf 89' lang='lat' dir='ltr'>hominibus</span> <span class='ocrx_word' id='word_1_280' title='bbox 1390 3808 1479 3873; x_wconf 91' lang='lat' dir='ltr'>illius</span> 
     </span>
     <span class='ocr_line' id='line_1_33' title="bbox 363 3917 1478 4010; baseline 0.002 -28"><span class='ocrx_word' id='word_1_281' title='bbox 363 3917 486 3984; x_wconf 88' lang='lat' dir='ltr'>scrinia</span> <span class='ocrx_word' id='word_1_282' title='bbox 513 3919 692 4000; x_wconf 90' lang='lat' dir='ltr'>compilata</span> <span class='ocrx_word' id='word_1_283' title='bbox 719 3940 792 3986; x_wconf 88' lang='lat' dir='ltr'>esse</span> <span class='ocrx_word' id='word_1_284' title='bbox 820 3921 862 4006; x_wconf 92' lang='grc' dir='ltr'>(ν.</span> <span class='ocrx_word' id='word_1_285' title='bbox 892 3927 1008 3989; x_wconf 82' lang='lat' dir='ltr'>Bernt.</span> <span class='ocrx_word' id='word_1_286' title='bbox 1036 3945 1067 4005; x_wconf 92' lang='lat' dir='ltr'>p.</span> <span class='ocrx_word' id='word_1_287' title='bbox 1096 3919 1199 4010; x_wconf 83' lang='lat'><strong>208.);</strong></span> <span class='ocrx_word' id='word_1_288' title='bbox 1233 3943 1254 3986; x_wconf 88' lang='lat' dir='ltr'>a</span> <span class='ocrx_word' id='word_1_289' title='bbox 1287 3917 1478 3984; x_wconf 80' lang='lat' dir='ltr'>Callistrato</span> 
     </span>
     <span class='ocr_line' id='line_1_34' title="bbox 361 4026 1480 4113; baseline -0.003 -21"><span class='ocrx_word' id='word_1_290' title='bbox 361 4026 602 4113; x_wconf 86' lang='lat' dir='ltr'>Aristophaneo</span> <span class='ocrx_word' id='word_1_291' title='bbox 624 4030 659 4095; x_wconf 92' lang='lat' dir='ltr'>in</span> <span class='ocrx_word' id='word_1_292' title='bbox 682 4027 865 4113; x_wconf 82' lang='grc' dir='ltr'>Συμμίκτοις</span> <span class='ocrx_word' id='word_1_293' title='bbox 888 4053 962 4097; x_wconf 91' lang='lat' dir='ltr'>eum</span> <span class='ocrx_word' id='word_1_294' title='bbox 977 4031 1162 4098; x_wconf 89' lang='lat' dir='ltr'>adhibitum</span> <span class='ocrx_word' id='word_1_295' title='bbox 1184 4051 1258 4096; x_wconf 87' lang='lat' dir='ltr'>esse</span> <span class='ocrx_word' id='word_1_296' title='bbox 1277 4050 1316 4094; x_wconf 83' lang='lat' dir='ltr'>ex</span> <span class='ocrx_word' id='word_1_297' title='bbox 1330 4027 1480 4093; x_wconf 88' lang='lat' dir='ltr'>Erotiani</span> 
     </span>
     <span class='ocr_line' id='line_1_35' title="bbox 362 4136 1479 4228; baseline -0.001 -26"><span class='ocrx_word' id='word_1_298' title='bbox 362 4138 472 4218; x_wconf 82' lang='lat' dir='ltr'>glossa</span> <span class='ocrx_word' id='word_1_299' title='bbox 495 4160 520 4204; x_wconf 92' lang='lat' dir='ltr'>s.</span> <span class='ocrx_word' id='word_1_300' title='bbox 543 4139 612 4224; x_wconf 87' lang='grc' dir='ltr'>χῖαι</span> <span class='ocrx_word' id='word_1_301' title='bbox 633 4141 677 4226; x_wconf 87' lang='lat' dir='ltr'>(p.</span> <span class='ocrx_word' id='word_1_302' title='bbox 703 4147 772 4221; x_wconf 87' lang='lat'>136,</span> <span class='ocrx_word' id='word_1_303' title='bbox 796 4140 919 4216; x_wconf 73' lang='lat' dir='ltr'>ruffi.)</span> <span class='ocrx_word' id='word_1_304' title='bbox 943 4143 1137 4208; x_wconf 88' lang='lat' dir='ltr'>concludere</span> <span class='ocrx_word' id='word_1_305' title='bbox 1158 4159 1350 4228; x_wconf 79' lang='lat' dir='ltr'>possumns3</span> <span class='ocrx_word' id='word_1_306' title='bbox 1380 4136 1479 4203; x_wconf 88' lang='lat' dir='ltr'>aDi-</span> 
     </span>
    </p>
   </div>
   <div class='ocr_carea' id='block_1_7' title="bbox 252 4247 1480 4336">
    <p class='ocr_par' dir='ltr' id='par_1_10' title="bbox 252 4247 1480 4336">
     <span class='ocr_line' id='line_1_36' title="bbox 252 4247 1480 4336; baseline -0.001 -24"><span class='ocrx_word' id='word_1_307' title='bbox 252 4331 254 4336; x_wconf 93' lang='lat'><strong>.</strong></span> <span class='ocrx_word' id='word_1_308' title='bbox 362 4247 457 4332; x_wconf 85' lang='lat' dir='ltr'>dymo</span> <span class='ocrx_word' id='word_1_309' title='bbox 484 4256 577 4316; x_wconf 90' lang='lat' dir='ltr'>tanto</span> <span class='ocrx_word' id='word_1_310' title='bbox 608 4250 716 4316; x_wconf 91' lang='lat' dir='ltr'>studio</span> <span class='ocrx_word' id='word_1_311' title='bbox 743 4257 908 4316; x_wconf 87' lang='lat' dir='ltr'>versatum</span> <span class='ocrx_word' id='word_1_312' title='bbox 942 4273 1015 4318; x_wconf 87' lang='lat' dir='ltr'>esse</span> <span class='ocrx_word' id='word_1_313' title='bbox 1044 4250 1244 4317; x_wconf 84' lang='lat' dir='ltr'>Schmidtius</span> <span class='ocrx_word' id='word_1_314' title='bbox 1279 4249 1408 4330; x_wconf 87' lang='lat' dir='ltr'>docuit,</span> <span class='ocrx_word' id='word_1_315' title='bbox 1444 4254 1480 4312; x_wconf 91' lang='lat' dir='ltr'>ut</span> 
     </span>
    </p>
   </div>
   <div class='ocr_carea' id='block_1_8' title="bbox 0 0 1676 5126">
    <p class='ocr_par' dir='ltr' id='par_1_11' title="bbox 0 0 1676 5126">
     <span class='ocr_line' id='line_1_37' title="bbox 0 0 1676 5126; baseline 0 0"><span class='ocrx_word' id='word_1_316' title='bbox 0 0 1676 5126; x_wconf 95' lang='lat' dir='ltr'> </span> 
     </span>
    </p>
   </div>
  </div>
 </body>
</html>
