3344 5126
740 424 779 483 47

202 601 433 688 Πολιορκητικά
468 626 499 686 p.
531 608 690 691 57-61.),
726 607 858 670 Andrea
891 604 1138 683 Panormitam,
1175 604 1319 686 Moscho,

200 717 325 797 ignoro.
368 714 470 778 Porro
488 734 572 795 quae
594 717 628 778 in
652 717 758 799 capite
782 720 820 780 35
844 716 885 779 de
906 713 1080 794 rnagedide
1103 714 1321 796 proferuntur,

202 827 250 888 eis
266 830 378 907 aperte
401 823 618 888 adversantur
640 845 724 906 quae
746 825 781 889 in
803 826 910 907 capite
933 825 1118 905 insequenti
1141 823 1181 886 de
1204 825 1318 888 eodem

204 935 421 999 instrumento
444 934 541 999 docet
562 934 760 1000 Athenaeus,
803 931 878 998 Jem
906 954 983 997 vero
1006 939 1106 1016 caput
1128 938 1167 999 36
1189 933 1261 1016 ipse
1284 955 1322 998 ex

204 1049 326 1124 Didymi
347 1043 488 1125 quodam
515 1065 613 1128 opere
634 1045 757 1110 hausta
777 1065 850 1109 esse
872 1043 1010 1108 indicat:
1041 1041 1113 1126 πρὸς
1135 1035 1231 1106 Ἴωνα
1254 1041 1321 1106 ἀντ-

204 1153 358 1236 siphea<
387 1159 504 1220 vocant
526 1155 666 1220 codices.
716 1155 780 1220 Sed
809 1152 906 1239 „opu
934 1152 1068 1236 Ἰώβαν
1097 1154 1321 1238 ducimini&

203 1265 245 1326 ab
260 1265 333 1347 ipso
348 1271 482 1330 auctore
498 1265 591 1330 illum
605 1265 726 1331 librum
741 1265 943 1349 appellatum
957 1264 1061 1328 fuisse
1077 1266 1322 1349 speciosissime

203 1379 256 1436 est
278 1379 316 1437 M.
342 1379 508 1440 Schmidtii
522 1375 662 1462 (Didym.
685 1401 715 1461 p.
732 1381 803 1442 303.
820 1380 854 1463 4)
878 1379 1077 1461 conjectura,
1101 1397 1184 1458 cquae
1200 1377 1322 1460 poterit

202 1483 337 1568 insuper
359 1507 424 1550 non
446 1487 656 1552 mediocriter
678 1489 788 1552 fulciri
817 1487 881 1551 hac
904 1507 1002 1569 quam
1024 1507 1204 1570 proponam
1226 1508 1322 1570 argu-

203 1597 413 1660 mentatione..
458 1597 649 1680 Numquae
672 1598 713 1661 de
736 1598 909 1678 megadide
932 1617 971 1661 ex
992 1596 1049 1661 illo
1074 1596 1202 1681 Didymi
1224 1617 1321 1680 opere

203 1705 329 1788 profert
343 1706 542 1789 Athenaeus,
563 1729 710 1791 pugnare
732 1708 843 1774 monui
857 1714 975 1772 contra
990 1727 1029 1771 ea
1052 1727 1136 1790 quae
1152 1709 1192 1772 de
1207 1707 1322 1772 eodem

204 1837 327 1898 organo
350 1818 384 1881 in
407 1839 433 1882 c.
458 1823 497 1884 35
519 1818 681 1900 leguntur.
726 1819 817 1896 Quae
839 1820 868 1882 si
890 1819 1071 1901 poterimus
1093 1817 1320 1882 demonstrare

203 1932 302 1992 Juboe
335 1947 424 2008 esse,
457 1934 584 1993 tantum
617 1949 683 1994 non
705 1934 796 1994 certa
829 1930 891 1994 erit
913 1928 1087 1994 Schmidtii
1123 1932 1322 2015 conjectura.

203 2042 315 2124 Neque
337 2039 372 2104 id
394 2039 490 2102 nimis
514 2037 658 2105 difficile.
694 2040 778 2105 Nam
793 2061 878 2124 quae
893 2040 1082 2106 Athenaeus
1104 2063 1133 2124 p.
1157 2047 1219 2106 634
1233 2041 1321 2108 DE.

204 2151 385 2236 adscripsit
409 2153 580 2230 Tryphonis
602 2150 711 2232 verbe,
734 2172 782 2232 ee,
803 2151 905 2216 tacito
929 2151 1061 2232 quidem
1090 2154 1236 2216 auctoris
1266 2173 1323 2218 no·

204 2264 299 2336 mine,
320 2260 460 2325 redeunt
474 2259 518 2324 IV
537 2263 595 2326 182
611 2260 649 2326 D.
685 2258 760 2325 Jam
782 2281 857 2325 eum
878 2265 983 2325 totam
1004 2259 1098 2324 illam
1119 2259 1196 2324 libri
1212 2263 1323 2343 quarti

204 2374 370 2454 regionem
392 2376 493 2436 Juboe
514 2373 727 2453 restituerim,
749 2373 802 2435 vix
823 2391 905 2454 opus
929 2375 981 2435 est
1002 2369 1066 2433 elio
1097 2369 1139 2434 ad
1169 2369 1203 2433 id
1235 2371 1323 2452 quod

204 2482 353 2548 volumus
375 2480 584 2564 probandum
605 2487 808 2566 argumento.
853 2479 917 2545 Sed
932 2500 973 2544 ne
988 2480 1051 2544 hoc
1067 2481 1198 2562 quidem
1222 2481 1322 2546 deest.

203 2593 397 2658 Laudentur
418 2614 448 2675 p.
475 2595 533 2657 182
549 2590 577 2655 E
592 2596 626 2658 et
639 2590 727 2658 Juba
749 2597 783 2657 et
803 2590 950 2675 Trypho,
973 2596 1148 2673 utrumque
1170 2591 1227 2656 illo
1249 2592 1322 2657 loco

203 2702 408 2768 Athenaeum
430 2702 613 2784 inspexisse
637 2703 710 2784 quis
726 2701 860 2766 credet?
881 2703 979 2766 immo
1003 2701 1083 2765 mihi
1105 2702 1237 2783 quidem
1259 2723 1324 2768 non

205 2813 341 2878 dubium
365 2818 431 2894 est,
453 2813 541 2895 quin,
565 2834 650 2895 quae
673 2833 712 2878 ex
734 2813 920 2895 antiquiore
943 2814 1104 2896 scriptore
1126 2811 1253 2896 profert
1271 2834 1323 2878 re-

204 2923 341 2988 centiori
357 2921 490 3004 debeet3
513 2924 570 3007 qui
593 2930 644 2990 est
665 2929 756 2990 Jubo.
784 2923 869 2988 Hinc
885 2924 987 3005 igitur
1008 2923 1250 2988 consectarium
1272 2927 1324 2988 est

204 3033 261 3097 illa
284 3034 324 3098 de
347 3033 523 3114 magadide
537 3032 719 3118 Tryphonis
740 3036 843 3101 verba
865 3055 904 3098 ex
917 3038 999 3099 Jobo
1024 3033 1207 3115 sublegisse
1223 3033 1322 3098 Athe·

203 3164 333 3208 naeum:
356 3163 456 3227 porro
478 3145 734 3228 consectarium,
757 3165 841 3228 quae
863 3150 995 3227 praeter
1017 3143 1199 3228 Tryphonis
1221 3145 1322 3211 verba

203 3255 239 3318 in
261 3255 369 3338 capite
391 3259 441 3320 35.
471 3255 625 3337 leguntur
653 3258 754 3320 Juboe
783 3276 869 3337 esse,
899 3256 1040 3338 denique
1069 3256 1321 3336 consectarium,

202 3368 313 3430 Juoam
335 3386 408 3430 esse
430 3371 546 3430 contre
562 3387 658 3448 quem
673 3367 706 3429 in
724 3363 954 3449 ἀντεξηγήσεσιν
968 3366 1139 3450 pugnabat
1152 3365 1320 3450 Didymus.

202 3512 246 3523 -
268 3475 420 3540 Ceterum
442 3497 506 3541 non
528 3481 706 3557 negaverat
727 3474 814 3540 Juba
837 3477 923 3541 inter
946 3478 1094 3542 citharae
1117 3497 1238 3558 genera
1260 3497 1319 3540 nu·

203 3587 393 3652 merendam
415 3607 488 3652 esse
510 3588 681 3669 megedin,
714 3586 772 3650 sed
794 3585 999 3669 Tryphonem
1027 3585 1321 3666 Aristarchumque

204 3704 336 3762 secutus
360 3705 452 3762 etium
474 3699 576 3762 tibiae
593 3695 758 3780 quoddam
773 3716 875 3777 genus
891 3695 953 3761 hoo
976 3697 1105 3760 nomine
1128 3696 1321 3778 insignitum

202 3807 304 3872 fuisse
327 3808 563 3874 affirmaverat:
602 3806 761 3890 Didymus
785 3811 901 3871 contra
921 3806 1025 3872 tibiae
1047 3806 1149 3871 ullam
1179 3807 1321 3890 speciem

203 3939 347 4000 unquam
378 3919 441 3984 hoc
474 3919 602 3984 nomine
636 3915 854 3998 significatam
891 3938 964 3982 esse
998 3923 1130 3983 strenue
1167 3917 1319 4000 negabat.

202 4029 275 4095 Hoc
306 4030 355 4094 ita
388 4049 460 4092 esse
495 4029 615 4093 docent
648 4027 706 4093 illa
736 4029 837 4093 verbe
859 4041 949 4111 'quae
978 4028 1084 4094 Jubae
1121 4048 1194 4092 esse
1222 4027 1320 4091 modo

203 4140 425 4205 demonstravi
456 4138 500 4202 IV
525 4144 582 4205 182
606 4139 633 4203 E
656 4147 689 4204 et
710 4139 784 4204 XIV
808 4145 857 4206 35.
900 4140 1017 4221 ltaque
1046 4138 1109 4203 hac
1136 4157 1265 4220 quoque
1287 4138 1321 4201 iu

201 4271 237 4314 re
260 4269 280 4314 a
301 4249 389 4314 Juba
410 4270 474 4314 non
498 4249 640 4314 discedit
661 4249 792 4334 Pollux,
815 4251 871 4332 qni
892 4250 920 4332 ξ.
943 4255 981 4312 61
1006 4248 1187 4332 Tryphonis
1216 4249 1321 4331 opini-

202 4381 306 4440 onem,
327 4380 347 4423 a
369 4359 456 4426 Jube
484 4360 696 4425 hauddubie
724 4381 799 4426 oum
831 4360 1048 4425 dubitationis
1079 4359 1320 4440 significatione
