3344 5126
638 1275 907 1356 ADDENDA.

280 1534 308 1586 p.
326 1519 369 1571 49.
404 1516 507 1570 Nescio
525 1530 579 1584 qno
598 1531 665 1570 casu
682 1516 789 1571 iactum
808 1515 853 1581 sit,
877 1516 910 1568 ut
928 1513 1054 1569 Suidiani
1070 1515 1147 1568 illins
1169 1514 1224 1569 loci
1241 1527 1332 1569 emen·

211 1600 351 1656 dationem
369 1601 404 1656 ab
423 1600 487 1655 aliis
506 1600 607 1654 dudum
627 1599 791 1668 occupatam
815 1616 873 1654 esse
895 1598 1137 1668 praetervidarim:
1162 1599 1208 1669 qui
1235 1600 1329 1653 tamen

210 1684 309 1752 quibus
330 1683 502 1754 argumentis
525 1683 556 1738 in
581 1681 669 1737 morbi
693 1683 722 1738 et
746 1681 888 1751 διαγνώσει
913 1685 943 1736 et
966 1681 1096 1755 θεραπεία
1123 1683 1168 1737 usi
1185 1683 1242 1736 sint
1260 1698 1330 1736 nunc

211 1783 319 1836 quoqne
338 1768 443 1838 ignoro.

277 1868 304 1920 p.
326 1856 357 1905 70
376 1869 402 1907 n.
421 1857 445 1906 4.
481 1851 637 1922 τετραοιδός
654 1851 789 1922 praebent
807 1851 891 1906 etiam
908 1850 1071 1905 Italicorum
1094 1851 1225 1904 librorum
1250 1849 1332 1920 pleri-

210 1950 271 2004 que,
289 1935 377 1990 voluti
393 1936 489 1992 Urbin.
510 1938 567 1992 159.
602 1935 783 2004 Neapolitani
801 1934 871 1989 ΙΙΙ)
890 1938 922 1988 30
942 1938 971 1988 ot
987 1935 1032 1989 III
1049 1937 1071 1989 ll
1091 1938 1131 2000 38,
1150 1933 1330 1990 Laurentiani

210 2017 329 2072 XXVIII
348 2023 389 2085 32,
411 2019 504 2075 LVIII
522 2025 546 2083 3.
569 2020 663 2076 LVIII
682 2023 724 2084 26,
747 2018 842 2074 LVIII
861 2023 892 2086 1.,
918 2019 965 2088 qui
986 2018 1109 2073 eiusdem
1133 2019 1241 2073 farinae
1268 2022 1333 2073 sunt

210 2105 293 2171 atque
317 2103 439 2158 Knehnii
461 2104 672 2174 Antverpionsis
698 2119 749 2158 nac
777 2104 856 2174 digni
885 2104 1007 2174 prolecto
1033 2103 1061 2156 in
1086 2103 1186 2172 quibus
1216 2103 1334 2172 Integris

211 2187 405 2257 comparandis
433 2187 533 2241 bonnm
560 2190 671 2258 tempus
699 2188 885 2242 consumatur.
929 2187 963 2239 In
988 2185 1174 2242 Laurentiano
1200 2184 1263 2239 LVI
1292 2190 1330 2250 12,

209 2271 303 2341 paullo
322 2272 447 2337 meliore,
466 2270 584 2340 legitur:
603 2271 759 2342 τετραοιδὸς
777 2269 938 2344 τετραῖδιος.

276 2373 322 2425 ,p.
341 2359 383 2412 83.
419 2354 550 2410 Ceterum
569 2354 616 2408 diu
634 2357 700 2410 ente
718 2353 909 2411 casaubonum
928 2355 1027 2411 doctus
1044 2355 1198 2423 nescioquis
1210 2355 1333 2409 Pollucis

211 2440 301 2494 lector
318 2438 545 2496 animadvertisse
563 2437 680 2502 videtur,
699 2455 760 2493 esso
778 2438 826 2492 ubi
843 2438 892 2493 ille
910 2455 942 2493 ox
959 2439 1031 2495 Rufo
1051 2455 1101 2492 sna
1113 2439 1335 2494 transscriberet.

184 2577 185 2581 ,
211 2524 272 2578 Huc
292 2525 363 2579 anim
382 2525 453 2579 mira
470 2523 521 2577 illa
539 2521 663 2591 mireque
681 2523 818 2591 corrupta,
838 2539 885 2576 seu
897 2525 1026 2578 truncata
1038 2522 1128 2578 dicere
1142 2526 1231 2592 melis,
1249 2524 1333 2581 verba

212 2609 304 2664 valore
328 2613 408 2678 puto,
434 2624 503 2679 quae
526 2604 591 2661 libri
615 2606 729 2661 secundi
751 2607 925 2676 paragrapho
947 2610 998 2660 224
1022 2607 1115 2661 adsuit
1137 2609 1240 2664 codicis
1264 2608 1334 2663 Ant·

212 2693 364 2763 varpIonSIs
383 2692 527 2748 librarius:
556 2687 702 2764 (Ἀντιφῶν
727 2689 756 2743 δὲ
781 2691 862 2743 αὐτὸν
881 2691 926 2743 καὶ
943 2693 1090 2763 ἀρρενικῶς
1109 2692 1154 2744 καὶ
1172 2691 1333 2763 οὐδετέρως)

214 2777 305 2846 λέγει
329 2777 361 2831 ἐν
384 2775 502 2830 sautu
526 2775 667 2844 σύνοψις
692 2779 756 2826 τῶν
773 2775 861 2826 κατὰ
879 2773 1068 2846 ἄνθρωπον.
1104 2775 1180 2842 Quae
1198 2777 1332 2848 quomodo

213 2860 305 2915 sanari
322 2860 437 2932 possint,
461 2858 618 2928 sagaciores
636 2857 762 2912 rideant:
786 2857 835 2912 sed
852 2857 1008 2928 quicunque
1026 2860 1095 2914 haec
1114 2861 1234 2931 scripsit,
1253 2860 1332 2926 Rufo,

190 3001 192 3003 ,
214 2943 270 2997 nisi
288 2943 400 3014 egregie
418 2941 514 3008 fallor,
538 2942 729 2997 testimoninm
754 2942 918 2998 denuntiare
940 2943 1041 3008 voluit;
1064 2944 1137 2997 lruno
1162 2946 1234 2999 enlm
1253 2961 1333 3014 opus-

217 3028 279 3082 cnlo
304 3045 353 3083 suo
375 3046 431 3084 non
454 3027 630 3098 inscripsisse
653 3026 805 3094 ,dispectus
829 3031 882 3078 τῶν
907 3030 956 3078 τοῦ
980 3025 1123 3098 ἀνθρώπου
1149 3028 1276 3100 propitiast,
1303 3033 1335 3081 ut

216 3112 343 3166 Turnebo
359 3111 473 3182 placuit,
498 3110 546 3164 sed
566 3109 746 3179 ὀνομασίαι
764 3117 830 3162 τῶν
847 3110 934 3162 κατὰ
952 3109 1144 3183 ἄνθρωπον,
1167 3111 1249 3167 fidem
1266 3113 1333 3167 facit

213 3195 297 3250 codes
314 3194 539 3250 Laurentianus.“

283 3296 310 3349 p.
329 3281 370 3335 89.
405 3279 438 3333 In
456 3278 517 3332 Rufi
535 3278 584 3332 illo
603 3277 651 3347 qui
668 3293 695 3347 p.
714 3279 746 3330 37
766 3275 870 3333 Clinch.
897 3281 988 3334 exstat
1010 3277 1069 3334 loco
1094 3281 1215 3335 sanando
1240 3299 1334 3336 verum

215 3379 257 3417 me
277 3363 460 3431 conjectando
478 3364 637 3418 assecutum
655 3377 723 3424 osse,
743 3361 828 3415 codex
845 3360 1049 3416 Laurentianus
1067 3363 1179 3418 LXXIV
1198 3371 1211 3418 7
1236 3366 1333 3420 confir·

214 3449 281 3513 mat,
299 3446 399 3517 inquo
418 3463 473 3502 non
491 3446 699 3520 εὐροαλειοτέρσ
717 3444 828 3513 legitur,
848 3447 898 3500 sed
916 3447 990 3501 idom
1008 3449 1065 3501 fare
1090 3449 1163 3517 quod
1187 3450 1237 3518 ego
1260 3450 1332 3504 Rufo

213 3531 416 3586 restituendum
440 3531 580 3597 dixeram,
604 3544 703 3598 nempe
728 3528 946 3602 εὐρυκοιλιοτέρα
967 3531 1023 3600 (fol.
1054 3533 1162 3599 280b.l.
1203 3531 1332 3588 Ceterum

213 3605 502 3681 illeeooex,saeou10
526 3613 633 3669 decimo
655 3613 767 3666 ineunte
794 3613 921 3683 scriptus,
945 3614 1038 3684 prisce
1062 3617 1151 3686 magis
1179 3609 1332 3688 scripturae

213 3696 354 3767 elegantia
371 3715 452 3768 quarn
480 3714 513 3753 ea
530 3713 585 3767 qua
607 3696 671 3752 Rufi
693 3698 778 3752 uerba
797 3698 949 3752 servaverit
974 3698 1028 3754 fide
1052 3701 1203 3770 praecellit.
1244 3702 1332 3757 Immo

214 3785 243 3835 et
259 3779 366 3837 mendis
383 3782 509 3854 plurimis
523 3786 612 3837 scatet
630 3787 659 3836 et
671 3781 699 3835 in
712 3781 833 3852 integris
847 3783 1000 3838 enuntiatis
1018 3788 1067 3840 ant
1078 3785 1158 3840 foede
1171 3787 1333 3842 mutilandis

213 3867 263 3919 aut
279 3864 362 3935 plane
379 3868 446 3922 adeo
464 3866 624 3922 omittendis
643 3867 785 3930 levissime
802 3870 954 3937 grassatur.

283 4035 341 4091 Ser.
358 4035 514 4091 Florentiae
533 4037 560 4095 d.
577 4036 657 4092 XVII
675 4054 711 4092 m.
733 4037 810 4108 Sept.
828 4055 853 4094 a.
871 4035 1090 4096 MDCCCLXIX.
