3344 5126
891 385 929 446 14

347 574 574 646 Ascalonitom,
605 572 793 632 Demetrium
817 571 941 646 intono,
966 571 1214 648 Epaphroditum
1227 574 1261 650 ¹),
1292 573 1466 646 Seleucum,

349 663 553 758 Tryphonem,
577 680 753 742 Irenaeum.
796 677 841 740 Hi
861 682 973 743 tamen
995 698 1107 742 omues
1123 699 1182 742 nec
1199 678 1279 768 quid
1295 679 1469 743 docuerint

346 787 551 870 praenimia
577 788 835 869 fragmentorum
863 787 1043 870 exiguitate
1070 789 1226 870 cognosci
1254 793 1374 874 potest,
1407 807 1468 852 neo

347 903 459 963 utrum
480 897 514 960 in
538 896 668 978 singula
691 898 801 982 capita
824 897 970 978 singulas
993 898 1149 962 materias
1173 897 1405 962 distribuerim
1426 918 1468 962 au

349 1005 428 1070 κατὰ
458 1003 611 1090 στοιχεῖον
639 1027 735 1070 voces
764 1007 998 1072 collocaverint
1028 1009 1160 1073 seimus.
1204 1007 1328 1071 Eorum
1357 1013 1468 1072 autem
1524 1081 1534 1100 ⁸

348 1117 406 1200 qui
427 1116 514 1181 forte
535 1115 724 1180 litterarum
747 1115 896 1180 ordinem
912 1119 1015 1182 secuti
1032 1118 1106 1198 sint,
1128 1139 1149 1182 a
1164 1117 1296 1181 Polluce
1311 1138 1352 1180 ne
1367 1137 1467 1180 unum

347 1226 480 1309 quidem
503 1224 688 1289 adhibitum
711 1245 784 1290 esse
805 1227 902 1290 modo
926 1227 1002 1290 dixi.
1045 1225 1253 1292 Paucissimi.
1271 1232 1355 1306 sunt,
1385 1245 1467 1308 quos

347 1358 413 1401 non
433 1335 613 1400 lexicorum
642 1335 700 1399 sed
729 1337 1007 1402 onomasticorum
1036 1338 1184 1402 ordinem
1213 1356 1363 1401 servasse
1393 1356 1469 1400 con·
1565 1403 1574 1409 ,

348 1445 488 1512 fidenter
508 1444 722 1528 pronuntiare
744 1465 937 1529 possumus;
960 1433 1061 1514 veluti
1082 1449 1248 1527 Irenaeus,
1269 1445 1423 1532 Tryphon
1433 1447 1468 1530 2),

348 1558 444 1638 eique
467 1563 620 1620 auctores
644 1554 700 1637 qui
723 1551 841 1617 ἄτακτα
862 1554 912 1619 vel
941 1553 1093 1639 σύμμικτοι
1122 1556 1286 1639 glossaria
1314 1555 1469 1620 condide-

349 1673 443 1748 runt3
478 1687 561 1749 quos
590 1665 715 1730 nullum
745 1661 876 1729 omnino
907 1665 1081 1731 consilium
1104 1671 1234 1731 secutos
1256 1685 1329 1730 esse
1351 1685 1468 1748 parum

348 1775 521 1860 probabile
545 1780 604 1856 est,
628 1774 686 1839 sed
707 1773 801 1838 varia
822 1774 1009 1858 glossarum
1032 1777 1143 1861 capita
1165 1777 1239 1840 laxo
1261 1775 1390 1840 sinendo
1410 1794 1467 1859 σο-

348 1885 501 1949 nexuisse
524 1883 675 1948 conicere
696 1883 820 1950 licebit.
855 1883 919 1949 Sed
941 1886 983 1950 ab
1006 1885 1058 1949 his
1081 1907 1213 1969 quoque
1234 1884 1339 1950 multa
1359 1892 1467 1950 mutu-

348 2001 439 2060 atum
462 2014 534 2058 esse
556 1992 723 2058 Pollucem
752 1999 789 2057 ut
815 2015 880 2058 uon
909 1994 978 2058 sine
999 1995 1070 2059 veri
1091 1995 1203 2080 aliqua
1228 1995 1337 2079 speeie
1360 1994 1467 2078 suspi-
1550 1999 1557 2013 “

349 2104 419 2170 cari
447 2103 538 2183 licet,
570 2103 619 2167 ita
648 2103 868 2168 demonstrari
899 2103 1090 2186 neutiquam
1118 2113 1237 2190 potest.
1279 2104 1347 2171 Sed
1382 2125 1466 2170 uuus

347 2219 453 2279 restat
474 2213 569 2295 isque
592 2218 668 2277 ante
683 2213 856 2298 Didymum
877 2215 1020 2280 omnium
1040 2213 1138 2280 facile
1160 2214 1466 2300 lexicograpborum

348 2332 381 2388 et
412 2322 598 2388 uberrimus
627 2329 660 2388 et
689 2322 938 2406 celeberrimus,
973 2344 1135 2406 quemque
1163 2323 1301 2389 eandem
1327 2325 1397 2390 iere
1426 2345 1465 2389 ac

349 2431 515 2497 Pollucem
536 2452 653 2498 vocum
675 2435 933 2500 enarrandarum
948 2435 1109 2500 rationem
1126 2439 1275 2498 secutum
1290 2454 1362 2500 esse
1377 2442 1468 2499 certo

350 2541 482 2622 ssimae,
504 2545 728 2622 Aristophanes
741 2547 921 2624 Byzantius.
965 2545 1073 2609 Huius
1096 2543 1181 2610 enirn
1198 2542 1291 2614 λέξεις
1306 2543 1341 2608 in
1356 2544 1468 2626 capita

350 2651 547 2734 disscriptas
577 2653 679 2716 fuisse
708 2651 856 2742 singulas
881 2653 1116 2720 vocabulorum
1145 2655 1290 2719 familias
1320 2674 1468 2737 compre·

349 2761 527 2827 hendeutia
549 2781 644 2825 nemo
667 2762 788 2827 nescit:
811 2768 913 2846 atque
935 2765 1011 2830 hinc
1033 2765 1068 2828 in
1082 2763 1226 2828 Pollucis
1241 2763 1468 2827 onomasticon

350 2870 515 2956 permulta
535 2871 711 2936 transiisse
734 2892 773 2936 eo
794 2873 1001 2957 probabilior
1024 2873 1170 2958 suspicio
1186 2878 1245 2954 est,
1268 2872 1348 2956 quia
1362 2893 1467 2954 neque

438 3115 461 3176 1)
478 3115 685 3184 Epaphroditns
711 3115 836 3170 condidit
858 3116 966 3172 lexicon
984 3117 1054 3169 κατὰ
1072 3122 1206 3188 στοιχεῖον
1226 3115 1406 3189 dispositum
1431 3115 1468 3169 si-

350 3199 460 3270 quidem
486 3200 544 3254 veri
571 3216 708 3256 summam
735 3198 855 3266 speeiem
883 3204 1013 3256 assecuta
1039 3204 1084 3255 est
1111 3203 1238 3254 Alrensii
1260 3200 1409 3268 sagacitas,
1438 3199 1468 3252 in

269 3311 270 3314 ¹
351 3283 455 3338 scholio
480 3284 619 3338 Theocrit.
642 3284 657 3337 I
678 3287 724 3336 117
748 3282 936 3340 restituentis:
967 3285 999 3338 τῦ
1022 3282 1204 3356 Ἐπαφροδίτο
1229 3282 1354 3353 λέγοντος
1378 3283 1404 3336 ἐν
1428 3283 1469 3352 τῷ

349 3370 411 3440 περὶ
430 3366 528 3428 λέξεων
547 3369 618 3419 κατὰ
636 3372 772 3439 στοιχεῖον
791 3367 831 3436 (ἐν
849 3370 888 3439 τῷ
906 3369 966 3440 περὶ
985 3368 1126 3439 στοιχείων
1146 3368 1265 3438 eodem:
1283 3367 1372 3420 bucol.
1385 3383 1426 3436 gr.
1437 3367 1468 3421 11

349 3468 375 3521 p·
395 3455 461 3602 ⁴¹762⁸)
483 3535 645 3603 Tryphonem
664 3531 789 3589 inlibris
808 3535 869 3607 cepi
881 3535 1029 3605 ὀνομασιῶν
1047 3551 1137 3590 rerum
1156 3551 1268 3590 curasse
1284 3536 1468 3590 necessitudi-

348 3637 405 3685 nes,
420 3636 475 3674 non
493 3619 614 3675 ordinem
634 3616 799 3682 litterarum,
819 3618 920 3674 docent
937 3620 1009 3688 frgg.
1031 3621 1088 3675 109.
1109 3622 1156 3672 113
1175 3619 1249 3674 Vels.
1270 3619 1314 3686 (---1
1325 3618 1391 3674 Ath.
1403 3619 1467 3674 XIV

349 3707 398 3757 618
417 3703 468 3770 (λ).
509 3706 618 3756 Irenoei
640 3706 733 3756 autem
758 3719 818 3756 eum
843 3704 892 3757 hos
918 3703 1047 3772 deinceps
1076 3703 1175 3757 Suidss
1197 3701 1283 3756 libros
1313 3707 1467 3758 enumeret:

348 3783 486 3840 Ἀττικῶν
507 3785 645 3856 ὀνομάτων
665 3785 753 3855 βιβλία
771 3773 804 3856 γ’.
826 3783 956 3856 Ἀττικῆς
975 3786 1119 3856 συνηθείας
1137 3795 1186 3856 τῆς
1205 3786 1233 3838 ἐν
1251 3785 1322 3847 λέξει
1340 3787 1385 3839 καί
1403 3805 1466 3858 προ-

350 3870 433 3940 σῳδίᾳ
453 3869 540 3920 κατὰ
558 3875 739 3941 στοιχεῖον
758 3869 846 3938 βιβλία
858 3859 890 3939 γ’,
910 3870 1074 3924 concludere
1087 3870 1162 3935 licet,
1180 3888 1231 3924 non
1243 3871 1314 3923 κατὰ
1331 3876 1467 3942 στοιχεῖον

349 3954 504 4008 ordinatum
524 3953 609 4008 fuisse
627 3955 704 4023 prius
724 3970 802 4023 opus.
838 3954 967 4009 Ceterum
992 3958 1068 4008 certa
1089 3956 1207 4023 quadam
1232 3955 1265 4009 de
1289 3971 1389 4010 caussa
1412 3953 1466 4008 duo

347 4037 457 4092 Irenaei
473 4039 631 4106 fragmenta
649 4038 682 4091 ab
701 4037 866 4106 Etymologo
884 4038 921 4094 M.
935 4057 958 4096 e.
977 4037 1083 4107 κομψός
1101 4042 1129 4093 et
1148 4056 1164 4092 a
1183 4040 1296 4094 Socrate
1314 4038 1381 4092 hist.
1400 4036 1467 4091 ecel.

347 4120 393 4176 111
418 4128 432 4175 7
457 4126 575 4187 servata,
600 4139 655 4177 non
675 4119 794 4192 Ἀττικῇ
819 4123 948 4192 συνηθείᾳ
971 4121 1139 4178 vindicanda
1164 4138 1262 4177 censeo
1284 4138 1346 4175 oum
1365 4125 1467 4186 meiero

349 4209 474 4276 opuscul.
491 4208 521 4261 II
539 4211 581 4273 42,
605 4207 654 4261 sod
671 4205 756 4261 tertio
775 4205 883 4260 cuidam
902 4205 979 4274 operi
996 4204 1111 4260 aSuida
1129 4205 1348 4268 commemorato,
1368 4219 1466 4273 nempe

348 4292 409 4361 περὶ
427 4293 568 4362 ἀττικισμῦ
587 4291 658 4345 libro
677 4289 818 4358 singulari,
