3344 5126
746 361 786 424 39

209 565 368 626 perquam
396 540 570 621 credibile,
602 541 742 606 libenter
770 563 826 628 eas
857 563 1058 626 propagasse
1092 544 1327 612 Aristoxenum.

210 655 359 736 Denique
383 651 528 732 accedit,
558 653 645 734 quod
668 653 742 737 ipsa
764 652 823 720 illa
845 653 885 716 de
908 652 1027 716 fidibus
1058 654 1177 718 excisis
1206 655 1327 722 fabella

210 764 311 829 etiam
338 763 372 826 in
400 762 531 827 XXXII.
580 761 695 826 Dionis
726 763 873 827 oratione
901 763 1022 844 legitur
1057 763 1089 848 (ᾗ
1117 770 1156 829 67
1184 788 1215 849 p.
1243 767 1327 851 439),

213 895 279 957 qua
300 874 334 937 in
356 873 504 939 oratione
526 871 714 937 Aristoxeni
737 871 829 936 illum
856 873 972 956 pennis
995 880 1153 939 ornatum
1175 874 1328 942 incedere

212 984 414 1050 intellectum
437 988 496 1048 est.
513 983 535 1070 ¹)
579 981 693 1048 Nonne
716 982 798 1047 haec
822 983 904 1048 satis
927 982 1021 1048 firma
1049 984 1248 1050 videbuntur
1276 989 1328 1052 ar-

208 1099 371 1178 gumenta,
388 1113 471 1175 quae
487 1093 529 1158 ab
546 1095 732 1156 Aristoxeno
748 1093 925 1158 memoriae
939 1095 1098 1159 traditam
1119 1095 1222 1161 fuisse
1237 1095 1328 1160 illam

208 1203 420 1268 narrationen
436 1201 667 1284 persuadeant,
690 1208 723 1267 et
737 1202 856 1287 capitis
872 1203 983 1268 XXIV.
999 1225 1064 1269 non
1078 1204 1208 1270 initium
1231 1208 1327 1273 modo

208 1315 267 1379 sed
289 1314 430 1380 mediam
453 1313 552 1378 etiam
568 1317 600 1376 et
616 1316 793 1377 extremam
808 1320 937 1397 partem
952 1335 990 1378 ex
1005 1314 1201 1381 Aristoxeno
1219 1336 1328 1402 sump·

209 1425 292 1490 sisse
315 1424 520 1489 Athenaeum
544 1422 716 1488 evincant?
747 1419 864 1508 Capita
887 1429 938 1489 23.
963 1424 1094 1506 quidem
1118 1431 1150 1490 et
1172 1432 1222 1492 25.
1246 1428 1329 1493 nihil
1413 1428 1415 1432 ’

206 1533 313 1600 habeo
337 1556 400 1618 quo
423 1533 563 1598 firmiter
586 1533 805 1598 demonstrem
836 1557 874 1600 ex
903 1535 1097 1601 Aristoxeno
1126 1539 1329 1624 transcripta

147 1701 149 1705 .
207 1664 293 1726 esae;
317 1644 376 1710 sed
400 1666 473 1710 cum
488 1645 571 1709 haec
594 1642 705 1726 capita
720 1664 794 1708 oum
809 1645 921 1710 XXIV.
935 1645 1103 1711 artissime
1120 1647 1328 1732 cohaereant,

208 1755 239 1822 ei
260 1754 372 1841 potius
394 1755 558 1840 probandi
581 1753 725 1820 officium
748 1754 937 1820 incumbere
960 1756 1138 1838 contendo,
1162 1758 1219 1841 qui
1240 1760 1326 1826 alius

206 1867 288 1932 haec
312 1887 410 1950 quam
432 1866 514 1931 illud
537 1864 683 1930 auctoris
708 1885 781 1929 esse
803 1863 955 1930 affirmet.
976 1903 1019 1915 -
1042 1866 1168 1952 Capitis
1192 1875 1242 1934 26.
1265 1870 1327 1936 ini·

206 1978 289 2042 tium
317 1999 358 2042 ne
385 1977 456 2061 ipse
490 1975 622 2059 quidem
659 1975 765 2041 audeo
794 1974 989 2041 Aristoxeno
1017 1978 1182 2061 tribuere,
1211 1987 1328 2047 contra

208 2109 293 2172 quae
315 2087 423 2153 medio
447 2085 555 2170 capite
579 2085 620 2151 de
642 2086 773 2168 priscae
803 2086 888 2150 artis
910 2088 1093 2154 statuariae
1115 2112 1190 2156 cum
1212 2093 1327 2160 orche-

207 2198 292 2266 stica
314 2197 541 2290 communione
556 2202 742 2278 narrantur,
766 2202 799 2261 et
822 2196 1018 2279 dignissima
1042 2205 1118 2264 sunt
1131 2201 1326 2270 ArIstoxeno

205 2331 309 2392 neque
324 2309 545 2374 umbraticam
561 2308 650 2374 olent
664 2308 961 2375 Alexandrinorum
978 2309 1172 2376 doctrinam.
1186 2349 1231 2360 -
1244 2313 1326 2379 Tum

205 2420 252 2485 sic
267 2417 376 2504 pergit
392 2418 596 2484 Athenaeus:
613 2413 737 2502 καὶγὰρ
753 2419 785 2482 ἐν
801 2427 840 2502 τῃ·
853 2429 965 2504 μοοικῂ
979 2421 1036 2482 κὰν
1050 2429 1088 2504 τῇ
1102 2425 1163 2484 τῶν
1177 2420 1327 2505 σωμάτων
1441 2415 1448 2422 ’

192 2525 365 2614 ,ἐπιμελείᾳ
387 2536 597 2615 septenariam
619 2527 673 2612 τὴν
690 2523 838 2612 ἀνδρείαν,
861 2524 913 2592 καὶ
929 2529 1001 2615 πρὸς
1016 2537 1070 2616 τῆν
1085 2532 1125 2616 ζέν
1140 2529 1203 2602 τοῖς
1221 2531 1326 2604 ὅπλοις

204 2637 320 2726 κίνησιν
335 2639 535 2724 ἐγυμνάζοντο
552 2642 629 2724 μετὰ
644 2644 695 2723 τῆς
711 2633 804 2725 ᾠδῆς·
821 2639 894 2702 ὅθεν
909 2640 1095 2726 ἐκινήθησαν
1111 2639 1142 2704 αἱ
1158 2635 1328 2727 relapsam
1367 2669 1370 2676 ¹

205 2747 350 2836 ποῤῥίχαι
371 2747 423 2814 καὶ
445 2753 503 2822 πᾶς
526 2751 542 2813 ὁ
564 2754 697 2822 τοιοῦτος
720 2751 829 2835 τρόπος
845 2745 895 2814 καὶ
919 2748 950 2814 αἱ
967 2748 1081 2816 πολλοὶ
1105 2750 1327 2838 superspector

206 2862 305 2926 αὐτῶν
319 2865 386 2927 κτλ.
422 2861 497 2928 Jam
511 2883 587 2928 vero
610 2868 768 2944 tanquam
792 2861 831 2927 de
853 2862 946 2928 caelo
969 2862 1140 2930 interram
1157 2865 1326 2931 deicimur.

206 2973 289 3038 Nam
312 2974 390 3038 dum
414 2973 453 3038 de
475 2972 675 3038 militaribus
698 2979 904 3054 oblatamque
931 2975 1160 3041 exercentibus
1184 2974 1328 3042 saltandi

205 3085 380 3169 generibus
392 3084 533 3169 amplius
549 3084 754 3166 disputatum
769 3084 811 3149 iri
825 3091 1044 3170 expectamus
1059 3091 1194 3171 repente
1205 3087 1327 3153 mantin

204 3195 242 3262 fit
262 3233 305 3246 -
327 3191 469 3277 ἀποκίνο,
491 3215 591 3279 quam
614 3201 823 3276 voluptarium
846 3196 968 3261 seimus
992 3202 1024 3262 et
1038 3198 1201 3284 plebejam
1223 3198 1327 3264 fuisse

205 3307 348 3374 saltandi
371 3305 522 3390 speciem.
566 3307 628 3370 Est
641 3305 696 3370 hic
717 3305 752 3370 in
774 3307 957 3390 neglegenti
980 3309 1213 3392 compilatione
1227 3310 1327 3376 Athe·
1375 3347 1377 3349 ·

204 3419 278 3484 naci
301 3439 386 3499 mos,
410 3417 466 3500 qui
489 3415 621 3500 saepius
638 3417 708 3502 jam
730 3416 833 3482 risum
855 3419 936 3484 mihi
958 3419 1067 3501 movit,
1088 3426 1125 3485 ut
1147 3441 1167 3484 a
1189 3421 1326 3485 materie

205 3529 317 3612 aliqua
340 3527 451 3594 subito
474 3526 517 3592 ad
540 3526 639 3591 aliam
667 3527 867 3610 transsiliat,
893 3534 963 3594 toto
993 3530 1080 3611 quod
1112 3529 1205 3612 ajunt
1233 3529 1324 3594 caelo

206 3639 249 3704 ab
271 3638 330 3704 illa
346 3643 542 3724 separatam,
565 3641 597 3703 et
619 3637 667 3701 ita
690 3637 831 3720 quidem,
854 3639 949 3721 quasi
972 3639 1029 3704 illo
1053 3638 1097 3702 ad
1119 3657 1217 3719 quem
1239 3659 1325 3703 nunc

205 3749 449 3833 transgreditur
470 3749 543 3815 loco
558 3747 693 3834 propior
716 3749 887 3833 magisque
902 3748 1029 3816 ricinus
1051 3747 1161 3814 nullus
1184 3749 1325 3832 cogitari

207 3859 324 3942 possit.
361 3859 474 3924 Potest
490 3856 651 3924 eiusmodi
672 3857 784 3923 hiatus
806 3860 841 3924 id
864 3859 1090 3927 demonstrare
1114 3860 1202 3942 quod
1225 3880 1326 3944 supra

205 3971 347 4036 vidimus
362 3970 396 4034 in
412 3970 544 4052 organis
559 3970 695 4036 musicis
712 3972 943 4037 enumerandis
966 3970 1091 4035 factum
1106 3991 1188 4052 esse,
1209 3991 1324 4054 nempe

277 4219 301 4286 1)
319 4215 512 4272 Aristoxenum
531 4233 564 4270 ea
582 4233 689 4286 quoque
703 4217 816 4290 sapiunt
828 4234 898 4290 qnae
911 4220 1008 4274 contra
1019 4233 1115 4272 novam
1130 4219 1217 4274 artem
1230 4220 1324 4274 monet

206 4303 258 4359 DIo
276 4301 383 4359 XXXII
401 4302 430 4354 61
452 4317 479 4374 p.
497 4305 556 4360 437.
