3344 5126
730 435 769 494 53

271 612 406 697 „irsoum‘
434 618 530 678 vocat
559 612 676 676 Pollux
704 614 721 696 ξ
754 618 812 678 102
844 613 1036 699 „dpthured
1066 609 1309 697 θερμαυστρίδας

188 730 221 788 et
244 719 429 807 ἑκατερίδας.
474 721 549 786 Jam
572 722 611 787 cf.
639 723 778 808 Hesyoh.
803 721 1014 810 θερμαυστρίς·
1039 763 1080 772 —-
1102 720 1227 806 ὄρχησις
1251 720 1266 784 ἐ’
1275 746 1309 786 ν-

189 856 291 902 τονος
314 828 365 894 καὶ
383 831 526 915 διάπυρος
542 831 639 916 τάχος
658 832 747 896 ἕνεκα
763 839 823 898 cet.
840 831 978 897 σύντονον
999 835 1086 898 idem
1108 831 1234 917 ὅρχημα
1256 855 1311 898 vo·

190 950 266 1008 cant
292 941 443 1007 Eustath.
472 966 501 1025 p.
531 946 621 1022 1601,
646 949 696 1023 27,
724 943 870 1024 Photius,
899 944 999 1008 aliia
1027 949 1219 1009 Schneidero
1253 949 1311 1006 att.

191 1053 367 1118 Theaterw.
390 1075 421 1134 p.
445 1057 506 1116 228
540 1072 587 1132 sq.
621 1055 814 1134 enumerati,
845 1075 983 1135 quorum
1011 1056 1090 1120 item
1117 1055 1152 1117 in
1178 1059 1310 1134 Didymo

189 1163 329 1227 radices.
344 1165 368 1248 ¹)

273 1288 490 1354 Saltationum
520 1289 760 1354 enarrationem
798 1291 850 1354 his
885 1291 994 1356 verbis
1035 1291 1161 1355 claudit
1196 1290 1312 1355 Pollux

188 1399 206 1482 ᾗ
231 1403 307 1463 105;
331 1397 346 1459 ὁ
370 1397 403 1460 δὲ
425 1397 630 1482 τετράκωμος,
656 1398 690 1462 τὸ
712 1404 765 1481 τῆς
796 1399 952 1484 ὀρχήσεως
980 1397 1077 1481 εἶδος,
1107 1403 1160 1462 οὐκ
1191 1397 1261 1462 οἶδα
1284 1393 1313 1461 εἴ

187 1531 218 1568 τι
240 1512 391 1590 προσῆκον
412 1506 448 1590 ἦν
470 1508 534 1580 τοῖς
560 1506 719 1593 Ἀθήνησι
744 1511 968 1593 τετρακώμοις,
999 1507 1030 1572 οἳ
1050 1509 1125 1593 ἦσαν
1148 1507 1312 1593 Πειραιεῖς,

189 1617 356 1701 Φαληρεῖς,
381 1614 594 1700 Ξοπεταίονες,
611 1617 810 1702 Θομοιτάὸοιι.
848 1620 941 1686 Hanc
965 1621 1005 1684 de
1020 1620 1108 1684 illius
1125 1619 1213 1684 vocis
1229 1619 1313 1684 veri-

187 1727 301 1808 loquio
325 1734 540 1808 eonjeeturom
563 1768 602 1778 -
630 1753 705 1794 nam
731 1737 945 1808 conjecturem
976 1751 1048 1795 esse
1070 1730 1187 1794 Pollux
1213 1730 1313 1811 signi-

133 1847 135 1854 ’
189 1839 267 1903 ficat
283 1876 320 1884 —
338 1837 538 1921 Hesychium
554 1861 685 1922 quoque
702 1841 806 1921 sequi,
830 1841 1037 1922 quantumvis
1059 1841 1208 1905 lacerata
1230 1841 1312 1903 haec

191 1949 287 2013 docet
308 1949 434 2030 glossa:
472 1948 682 2032 τετράκωμος·
715 1947 807 2031 μέλος
830 1972 858 2010 τι
886 1951 937 2012 σὺν
960 1951 1086 2035 ὀρχήσει
1108 1949 1313 2033 πεποιημένον

190 2057 233 2128 εἰς
252 2055 416 2142 Ἡρακλέα
438 2054 590 2123 ἐπινίκιον.
614 2059 804 2122 ἐκαλεῖτο
829 2059 867 2122 δέ
889 2060 1082 2143 τέσσαρες
1107 2065 1240 2143 κῶμοι.

276 2167 364 2232 Satis
386 2167 482 2233 firma
510 2169 592 2234 haee
614 2169 813 2235 videbuntur
841 2176 1035 2251 argumenta
1059 2171 1230 2254 judicibus
1260 2170 1311 2234 rei

189 2279 382 2344 tenuitatem
404 2279 691 2362 perpendentibus
726 2281 861 2362 quibua,
885 2287 1012 2345 ceteras
1043 2300 1126 2361 quas
1154 2281 1311 2364 praemisi

190 2390 335 2454 rationes
367 2389 394 2452 si
422 2389 456 2452 in
478 2389 636 2454 auxilium
665 2411 838 2469 uocemue,
870 2389 983 2454 eodem
1016 2396 1114 2471 atque
1142 2390 1310 2454 Pollucem

190 2506 324 2564 auctore
346 2499 455 2562 nisum
477 2519 549 2564 esse
572 2499 745 2584 Didymum
774 2499 997 2564 concludatur.
1040 2498 1114 2562 Jam
1145 2519 1219 2563 cum
1248 2499 1310 2563 hoc

192 2609 273 2672 satis
301 2614 428 2673 certum
455 2629 527 2672 esse
557 2609 729 2690 videatur,
759 2631 824 2673 non
852 2610 921 2673 lere
945 2608 1014 2672 eius
1038 2609 1215 2694 opinionis,
1246 2629 1310 2692 qua

192 2717 397 2783 Athenaeum
433 2718 664 2802 Pollucemque
702 2741 742 2784 ex
776 2721 891 2784 eodem
930 2740 990 2783 sua
1027 2741 1187 2802 quemque
1225 2721 1309 2786 libro

191 2829 460 2912 transscripsisse
478 2829 613 2913 conjeci,
637 2850 676 2893 ea
698 2829 731 2893 in
748 2852 783 2894 re
799 2831 946 2894 cernitur
962 2829 1201 2911 documentum,
1223 2831 1310 2912 quod

190 2959 422 3022 nonnunquam
453 2961 527 3004 cum
549 2945 709 3004 Athenaeo
739 2940 791 3002 his
818 2939 853 3002 in
880 2940 979 3004 rebus
1009 2940 1235 3005 describendis
1263 2941 1311 3004 ita

192 3051 354 3113 consentit
377 3054 556 3131 Hesychius,
572 3057 608 3114 ut
631 3051 671 3115 de
694 3070 774 3114 casu
797 3049 938 3132 cogitari
961 3056 1110 3130 nequeat.
1121 3055 1145 3132 2)

195 3197 392 3206 ..-..—--—

258 3263 283 3328 1)
303 3261 336 3314 ci.
355 3261 440 3314 etiam
459 3261 577 3332 Hesych.
596 3228 795 3334 ἑκατερέομαι.Ι

257 3363 284 3433 2)
291 3362 331 3416 Ex
339 3363 476 3431 Pamphilo
484 3362 657 3416 Athenaeum
665 3379 697 3416 ea
706 3357 840 3429 hausisse,
851 3379 920 3431 quae
928 3361 962 3416 de
973 3362 1084 3430 organis
1093 3364 1206 3418 musicis
1213 3363 1309 3417 eodem

191 3449 272 3516 atque
292 3447 539 3516 Hesychiusmodo
557 3447 655 3510 tradit,
674 3447 709 3500 M.
728 3448 887 3500 Selemidte'as
906 3449 1008 3511 censet,
1023 3451 1129 3515 quaest.
1141 3447 1308 3517 Hesychian.

191 3547 217 3598 p.
236 3531 322 3584 LXXI
340 3548 399 3600 sqq.
426 3531 462 3584 At
480 3531 625 3600 Pamphilo
643 3531 813 3600 Hesychium
831 3531 875 3584 rel
893 3534 1002 3585 tantum
1027 3531 1126 3585 debere
1152 3533 1309 3600 negandum

190 3615 259 3667 mihi
271 3615 360 3669 rideri
374 3633 454 3684 supra
468 3615 534 3670 dixi.
555 3615 609 3670 Sed
620 3615 730 3669 etiamsi
742 3619 794 3670 hcc
812 3613 956 3678 concedas,
975 3616 1065 3668 restat
1083 3615 1172 3667 altera
1191 3611 1310 3666 difficul-

191 3702 243 3754 tas.
288 3701 374 3754 Jubne
403 3717 500 3769 nempe
530 3700 660 3754 notitiam
695 3697 841 3767 Pamphilo
872 3697 1044 3751 Athenaeum
1079 3697 1178 3752 debere
1207 3698 1309 3752 statuit

191 3784 369 3840 Schmidtius.
414 3785 468 3840 Sed
486 3785 648 3853 Pamphilus
671 3784 732 3848 ille,
759 3783 804 3838 vel
827 3783 983 3852 quicunque
1002 3782 1056 3836 fnit
1080 3782 1212 3852 Hesychii
1231 3783 1308 3853 (Dio-

191 3869 313 3937 geniani)
339 3873 448 3933 auctor,
474 3886 535 3922 cum
557 3887 591 3924 ne
617 3871 813 3923 commemoret
831 3867 943 3936 quidem
961 3867 1146 3922 instrumenta
1165 3869 1307 3939 quaedam,

191 3970 304 4022 qnorum
323 3971 355 4008 ex
373 3953 445 4007 Juba
464 3971 491 4007 se
510 3954 634 4008 hausisse
654 3953 869 4021 descriptionem
888 3951 1046 4006 Athenaeus
1074 3953 1206 4018 affirmat,
1229 3953 1307 4006 hisne

190 4039 277 4106 igitur
290 4039 322 4094 de
336 4037 448 4107 organis
459 4037 617 4092 Athenaeus
630 4039 719 4106 ipsum
732 4037 840 4102 Jubam,
855 4037 933 4092 cuine
946 4037 1106 4106 ceteroquin
1120 4054 1152 4092 ex
1163 4037 1308 4106 Pamphilo

189 4123 388 4176 transscribere
407 4121 551 4191 opiniones
569 4121 637 4176 satis
661 4122 804 4186 habuerit,
827 4122 996 4176 consuluisse
1021 4121 1173 4176 censendus
1197 4125 1253 4186 est,
1279 4123 1308 4174 et

190 4205 277 4260 Jubae
300 4205 411 4274 quidem
428 4207 478 4260 illa
495 4207 585 4260 frusta
604 4209 653 4260 aut
675 4207 824 4262 artificiose
844 4210 892 4261 aut
915 4207 1097 4276 neglegenter
1120 4204 1258 4270 excerptis
1276 4220 1308 4257 ex

190 4283 337 4359 Pamphilo
368 4291 437 4346 locis
469 4290 707 4346 intermiscuisse?
746 4291 780 4345 Id
811 4291 880 4345 mihi
913 4290 1024 4360 quidem
1055 4307 1167 4359 prorsus
1197 4288 1310 4342 ridetur

116 4368 118 4372 ’
190 4373 363 4429 incredibile.
406 4375 458 4430 Est
479 4374 608 4429 nimirum
632 4375 677 4430 hic
700 4392 770 4436 unus
794 4391 827 4429 ex
848 4374 905 4427 illis
930 4374 1081 4442 dequibus
1107 4391 1132 4444 p.
1154 4375 1194 4426 11.
1214 4372 1308 4426 monui
