3344 5126
732 379 771 482 11

184 603 271 668 enim
292 601 497 668 Athenaeum
520 605 580 667 629
597 601 637 664 F:
667 597 703 682 ἢν
727 598 760 664 δὲ
782 599 799 661 ὁ
822 599 906 685 σκὼψ
929 605 989 662 τῶν
1011 595 1246 664 ἀποσκοπὸντων
1275 601 1309 664 τὸ

142 733 149 743 ·
185 716 300 795 σχῆμα,
313 707 408 794 ἄκραν
419 710 473 792 τὴν
488 709 582 794 χεῖρα
591 709 666 793 ὑπὲρ
678 709 849 791 superatus
865 710 1109 793 κεκυρτωκότων.
1127 709 1309 795 μνημονεύει

189 817 346 904 Αἰσχύλος
370 819 402 880 ἐν
430 815 571 902 Θεώροις.
622 819 695 896 Qua
722 824 833 883 tamen
860 817 896 882 in
923 817 1114 884 diversitate
1144 840 1184 884 ne
1210 821 1308 885 nimis

185 930 380 994 haereamus
409 933 558 1008 Meinelcii
588 927 671 994 facit
702 947 853 1008 acumen,
891 926 948 1010 qui
979 929 1022 993 ab
1052 928 1207 994 oscitanti
1223 929 1309 1012 ¹plus

186 1060 285 1122 quam
307 1037 390 1102 solet
411 1036 580 1102 Athenaeo
603 1035 759 1102 conlundi
782 1035 847 1100 duo
864 1035 1077 1102 saltationum
1099 1058 1221 1120 genera
1235 1059 1310 1121 per·
1379 1085 1383 1091 -

185 1147 305 1230 spexit,
327 1153 361 1212 et
383 1166 467 1229 quae
489 1147 530 1210 de
549 1152 653 1229 σκοπῷ
671 1143 811 1209 dicenda
826 1151 921 1211 erant
942 1146 982 1211 de
1005 1141 1105 1210 σκωπὶ
1125 1146 1220 1212 illum
1234 1168 1308 1212 nar·

184 1277 278 1322 rasse
299 1255 528 1341 Hesychianae
552 1275 577 1318 s.
602 1253 773 1317 tutoresne
793 1253 873 1339 χέρα
894 1253 1025 1338 glossae
1050 1276 1112 1340 ope
1139 1256 1228 1321 ultra
1250 1255 1309 1321 du-

183 1366 381 1432 bitationem
401 1363 523 1448 posuit,
545 1363 631 1430 anal.
653 1384 697 1429 cr.
719 1362 756 1428 in
777 1364 851 1431 Ath.
874 1386 904 1449 p.
929 1370 1000 1432 302.
1044 1366 1179 1432 Poterat
1207 1366 1308 1432 etiam

183 1475 227 1541 ad
259 1474 344 1539 duas
376 1473 461 1538 alias
491 1473 649 1560 Hesychii
677 1473 808 1556 glossae
835 1494 1032 1557 provocare,
1066 1495 1091 1540 1.
1121 1480 1241 1547 σκῶπες
1273 1480 1307 1541 11

185 1579 428 1667 σκωπευμάτων;
458 1583 499 1650 cf.
523 1583 625 1649 etiam
652 1581 745 1648 Phot.
774 1583 807 1649 ll
835 1589 895 1652 168
921 1583 960 1650 N.
990 1585 1171 1667 σκώπευμα·
1203 1588 1308 1669 σχῆμα

185 1692 343 1778 σατυρικὸν
365 1695 405 1762 ὡς
429 1688 483 1756 καὶ
509 1692 525 1754 ὸ
548 1693 676 1763 σκοπὸς·
692 1691 788 1764 οὕτως
811 1690 983 1777 Αἰσχύλος,
1013 1713 1077 1777 quo
1105 1693 1179 1759 loco
1206 1693 1308 1758 miror

162 1805 330 1886 .ineptum
350 1802 433 1868 illud
455 1801 471 1864 ὸ
491 1801 610 1873 οκωπὸς
633 1801 797 1869 tolerasse
817 1801 995 1885 Naberum,
1016 1823 1093 1867 nam
1115 1802 1198 1869 haec
1212 1799 1308 1868 nihili

183 1920 234 1980 est
254 1913 368 1979 forma.
391 1947 435 1958 --
455 1911 546 1976 Haec
570 1910 672 1994 igitur
693 1931 814 1977 caussa
836 1911 960 1978 nullum
983 1911 1075 1978 aliud
1096 1911 1229 2001 pondus
1248 1910 1307 1976 ha·

183 2027 251 2106 bet,
287 2044 387 2108 quam
419 2019 508 2103 quod
535 2019 591 2085 hic
618 2020 653 2085 in
683 2026 798 2103 aperto
827 2042 940 2088 errore
971 2021 1172 2104 deprehendi
1197 2026 1308 2104 potest

180 2134 287 2200 bonus
309 2133 508 2198 Athenaeus.
532 2128 657 2195 Contra
678 2130 755 2196 aliis
776 2130 811 2195 in
831 2131 934 2197 rebus
956 2150 1071 2197 111111
1093 2130 1216 2198 interae
1239 2131 1306 2197 dis·

182 2243 328 2308 sentiunt
348 2242 536 2307 Athenaeus
560 2245 592 2305 ct
613 2237 736 2305 Pollux.
773 2239 890 2306 Pollux
904 2239 991 2306 enim
1010 2241 1027 2326 ἓ
1045 2245 1098 2306 10]
1120 2239 1306 2325 μακτρισμὸν

181 2351 243 2434 (111
270 2350 356 2416 enim
385 2350 499 2433 utique
530 2348 741 2415 scribendum
771 2356 823 2416 est
852 2369 926 2415 cum
954 2345 1078 2433 1110.)
1104 2353 1137 2414 et
1163 2347 1305 2412 ἀπόκινον

185 2460 339 2543 deinceps
362 2463 532 2526 enumerat
546 2464 705 2541 tanquam
725 2459 874 2526 diversas
898 2457 1109 2539 saltationes;
1133 2463 1248 2524 contra
1268 2463 1307 2521 τῦ

187 2563 313 2630 &rosiae
335 2586 455 2633 nomen
475 2574 592 2652 postea
615 2568 746 2634 demum
766 2569 802 2633 in
824 2564 1011 2651 μακτρισμὸν
1039 2571 1202 2632 mutatum
1231 2588 1304 2634 1111

183 2677 284 2742 refert
304 2676 494 2742 Athenaeus
518 2682 577 2745 629
594 2676 668 2764 0¹).
707 2677 773 2744 Sed
794 2677 877 2742 mire
899 2676 1023 2742 accidit
1045 2677 1133 2760 quod
1156 2679 1305 2761 p..630F

182 2786 254 2868 ipse
284 2785 471 2852 Athenaeus
499 2789 586 2854 inter
614 2786 772 2853 ridiculos
806 2786 949 2853 saltandi
975 2785 1091 2852 modos
1120 2788 1305 2873 μακτρισμὸν

182 2892 370 2958 ἀπὸκινὸν
391 2918 430 2959 τε
453 2897 605 2964 collocat.
648 2887 749 2963 Vides
771 2897 880 2980 ipsum
904 2915 1015 2962 secum
1036 2915 1184 2981 pugnare
1205 2897 1305 2962 Athe-

181 3025 309 3070 naeum.
331 3004 488 3078 -Idem
515 3005 690 3073 dicendum
712 3013 764 3074 est
784 3006 826 3072 de
848 3026 885 3072 eo
907 3025 1026 3090 genepe
1049 3005 1137 3089 quod
1162 3005 1302 3078 τελεσιάς

183 3113 428 3198 appellabatur:
461 3113 711 3183 Macedonieam
733 3133 806 3183 esee
834 3112 962 3199 ὄρχησιν
982 3115 1088 3180 tradit
1115 3114 1303 3182 Athenaeus

183 3226 244 3287 629
267 3222 311 3305 Ι);
334 3230 451 3290 contra
473 3230 536 3291 630
557 3227 595 3309 A,
616 3231 775 3311 tanquam
804 3244 969 3308 nusquam
996 3229 1094 3292 antea
1124 3227 1305 3311 quicquam
1416 3229 1420 3236 '

181 3332 222 3398 de
255 3333 318 3399 hac
350 3354 429 3400 voce
462 3334 599 3417 dixerit,
631 3335 714 3402 haec
735 3335 874 3422 profert:
910 3329 962 3397 καὶ
988 3337 1126 3407 τελεσιὰς
1158 3335 1192 3400 δὲ
1221 3331 1302 3399 ἐστὶν

181 3439 307 3527 ὄρχησις
329 3441 502 3526 καλυμὲνη,
531 3443 730 3530 στρατιωτικὴ
760 3439 866 3508 δ’ἐστὶν
889 3443 983 3528 αὕτη,
1012 3442 1072 3508 ἀπὸ
1094 3468 1171 3515 τινος
1195 3444 1301 3530 ἀνδρὸς

182 3547 312 3615 Telesia
341 3551 464 3635 λαβιῖοα
494 3544 613 3634 cinopo
634 3556 700 3619 κτλ.
743 3554 834 3620 Haec
862 3553 981 3623 ultima
1010 3554 1207 3620 conveniunt
1228 3573 1303 3618 oum

181 3661 229 3725 eis
253 3681 338 3743 quae
362 3660 402 3727 de
424 3662 487 3727 hoc
510 3681 631 3746 genere
652 3663 801 3728 narravit
820 3663 935 3728 Pollux
956 3664 974 3744 ξ
998 3668 1048 3744 99,
1069 3662 1134 3726 nisi
1162 3661 1250 3745 quod
1272 3663 1301 3727 is

182 3770 292 3853 addit,
317 3776 409 3836 Creta
432 3772 607 3839 oriundum
628 3771 732 3838 fnisse
754 3755 917 3837 Telesiam
938 3773 1040 3840 illum.
1063 3817 1064 3820 κ

254 3932 277 3999 1)
296 3929 385 3984 Huius
402 3929 458 3984 loci
475 3946 526 4000 ope
545 3933 638 3988 sanari
655 3931 761 4001 poterit
777 3931 913 3986 scholium
932 3932 979 3991 Ar.
997 3933 1048 4004 Eq.
1068 3935 1101 3986 20
1114 3949 1141 4003 p.
1154 3937 1186 3987 34
1199 3949 1217 3987 a
1228 3931 1300 3988 Dbn.

181 4013 318 4070 ἀπόκινον.
335 4043 369 4055 -
389 4013 446 4066 ἔστι
463 4013 492 4066 δὲ
510 4016 556 4068 καὶ
574 4017 647 4075 εἶδος
666 4015 805 4088 ὀρχήσεως
824 4023 955 4088 φορτικῆς
974 4011 1025 4072 ·ὀὶ
1044 4019 1075 4072 δὲ
1093 4017 1186 4086 μέλος.
1222 4016 1267 4068 καὶ
1285 4017 1299 4067 ὸ

180 4097 382 4168 βαυκισμὸς.
420 4096 742 4170 8111βαοκισμόςρΙ1111
768 4100 906 4168 diversum
931 4104 990 4156 erat
1014 4100 1173 4156 saltationis
1197 4113 1299 4168 genum

181 4178 354 4236 scribendum
372 4179 460 4250 igitur
477 4183 522 4235 καὶ
540 4183 553 4236 t
572 4184 801 4255 μακτρισμὸς;
821 4182 895 4254 quod
912 4198 1011 4237 nomen
1031 4200 1092 4238 cum
1112 4182 1185 4251 apud
1204 4197 1299 4236 recen·

180 4264 266 4320 tiores
284 4263 406 4320 Graecos
424 4263 557 4320 usitatius
576 4269 657 4331 esset,
676 4269 787 4336 poterat
804 4266 840 4322 ad
858 4267 985 4320 ducatum
1003 4266 1143 4322 notionem
1158 4265 1298 4335 explican-

180 4348 244 4403 dam
261 4348 336 4402 haud
354 4348 448 4418 inepte
467 4347 603 4406 adhiberi.
801 4351 805 4358 '
