3344 5126
728 447 766 508 67

191 610 357 678 Pollucem
384 630 482 674 usum
511 629 585 674 esse
617 593 782 676 dieamus:
805 608 888 675 Iuba
911 609 996 674 enim
1024 611 1103 693 quin
1127 609 1310 694 Tryphonis

189 720 416 788 onomastioou
440 717 631 784 adhibuerit
647 721 763 803 nequit
787 721 951 802 dubitari3
975 727 1014 786 ut
1036 726 1148 786 actum
1172 728 1309 787 aeturus

189 831 289 898 fuerit
313 830 428 914 siquis,
450 828 504 896 hia
526 829 560 894 in
582 830 692 913 rebus,
716 838 849 914 praeter
866 830 973 896 ¹lubae
990 830 1186 897 theatralem
1207 830 1311 896 histo-

192 942 273 1008 riam
295 941 481 1027 Tryphonis
513 941 675 1025 ὀνομασίας
704 943 876 1009 consulere
899 942 932 1007 in
963 943 1106 1008 animum
1136 941 1311 1006 induxerit.

194 1091 233 1102 -
264 1050 415 1119 Ceterum
452 1053 636 1137 Tryphonis
677 1053 742 1120 nisi
781 1054 821 1119 de
851 1053 1072 1119 cantiunculis
1112 1051 1311 1137 quibusdam

194 1163 494 1247 saltationibusque
524 1169 557 1228 et
578 1163 810 1230 instrumentis
840 1163 976 1230 musicis
1000 1186 1064 1231 nou
1086 1169 1200 1229 extant
1224 1164 1311 1245 frag·

190 1280 309 1339 menta.
356 1273 585 1358 Westphalum
607 1274 719 1357 igitur,
741 1275 797 1341 ubi
821 1281 935 1354 omnia,
958 1296 1045 1358 quae
1067 1275 1106 1339 de
1129 1279 1200 1339 arte
1216 1273 1312 1340 odioa

191 1383 346 1474 organica
373 1382 578 1468 hypooritiaa
615 1385 765 1468 proferat
792 1385 927 1465 Pollux,
965 1385 1131 1470 Tryphoni
1175 1390 1312 1466 accepta

190 1494 300 1576 refert
323 1500 464 1579 apparet
486 1493 600 1577 eidem,
624 1495 680 1578 qui
702 1495 734 1560 in
758 1495 990 1562 instrumentis
1006 1495 1143 1561 musicis
1159 1502 1193 1561 et
1209 1494 1311 1561 salta-

83 1688 86 1694 ,
190 1602 336 1672 tionibus
359 1603 553 1672 enarrandis
577 1607 777 1691 oompilatus
802 1606 854 1688 sit,
877 1607 1009 1671 auctori
1032 1627 1071 1671 ea
1096 1626 1229 1690 quoque
1252 1606 1312 1669 66-Ι

190 1715 303 1782 buisse
326 1736 411 1800 quae
434 1723 484 1798 §§.
508 1721 556 1782 65.
574 1721 621 1782 66.
645 1721 694 1784 78.
711 1721 827 1799 79.,83.
844 1721 895 1782 84.
920 1717 959 1781 de
984 1714 1167 1782 harmoniis
1189 1715 1312 1780 nomis-

192 1849 256 1911 que
285 1834 353 1893 tam
383 1827 597 1894 eitharodiois
628 1849 727 1912 quam
758 1826 910 1893 auletiois
939 1827 1068 1910 profert
1098 1826 1223 1892 Pollux,
1269 1824 1312 1888 Et

189 1938 263 2020 jure
288 1937 421 2022 quidem
450 1960 511 2004 suo
540 1937 634 2003 fecit:
656 1960 732 2004 uam
761 1938 818 2022 qui
841 1937 973 2005 nomina
995 1937 1186 2020 figurasque
1210 1935 1311 2000 musi-

191 2068 304 2114 corum
332 2068 532 2131 organorum
559 2049 748 2131 enarrabat,
778 2049 807 2114 is
835 2069 875 2112 ne
905 2053 1040 2130 poterat
1068 2046 1198 2130 quidem
1230 2047 1310 2130 quin

193 2179 307 2224 eorum
341 2159 440 2224 etiam
473 2181 570 2225 usum
604 2158 794 2241 explicaret.
838 2160 958 2242 Itaque
992 2178 1051 2240 ego
1084 2157 1216 2240 quidem
1249 2156 1311 2222 has

192 2290 324 2353 quoque
353 2269 500 2336 Polluoei
528 2268 637 2352 operis
660 2274 774 2354 partes
804 2291 844 2336 ex
864 2271 968 2336 Iubae
989 2267 1131 2335 historia
1155 2265 1310 2331 theatrali

190 2377 331 2444 haustas
361 2401 435 2447 esse
464 2387 556 2464 puto.
601 2379 687 2456 Quid
712 2380 801 2464 quod
830 2380 996 2464 hodieque
1025 2373 1310 2461 argumentatione
1414 2413 1416 2418 ·

191 2491 403 2572 quantumvis
435 2491 550 2557 subtili
573 2491 793 2557 demonstrari
820 2512 921 2575 posse
950 2511 1077 2572 censeo,
1104 2493 1201 2552 Iubae
1229 2487 1312 2552 haee

192 2620 325 2683 quoque
356 2601 489 2666 deberi?
516 2601 601 2668 Nam
625 2622 711 2686 quae
740 2601 831 2687 apud
860 2602 1027 2670 Pollucem
1053 2600 1208 2682 leguntur
1230 2598 1247 2682 §
1271 2604 1310 2662 65

192 2709 227 2773 τὸ
249 2711 350 2794 μέντοι
373 2713 535 2798 σιφνιάζειν
557 2707 608 2774 καί
631 2712 746 2798 χιάζεν,
768 2711 802 2776 τὸ
833 2711 1000 2798 περιέργοις
1031 2710 1137 2794 μέλεσι
1166 2707 1311 2792 χρῆσθαι,

193 2817 251 2884 ἀπὸ
267 2818 462 2906 Δημοκρίτου
474 2825 527 2886 τοῦ
544 2818 624 2885 Χίου
637 2819 689 2886 καί
705 2819 882 2895 malatestae
905 2825 957 2886 τοῦ
975 2819 1137 2905 Σιφνί6,66
1153 2818 1311 2887 exeodem

193 2929 285 2996 fonte
312 2931 449 2997 fluxisse
479 2940 620 3018 apparet
648 2955 745 3018 quem
771 2935 800 3000 is
829 2953 961 3018 quoque
989 2931 1073 2996 adiit
1101 2930 1197 2995 euius
1229 2928 1310 2991 haee

190 3041 281 3124 apud
304 3048 433 3108 Satrium
455 3043 568 3125 glossa
590 3050 711 3112 restat:
735 3041 868 3115 Χιάζειν·
897 3041 1093 3127 Πραξιδάμας
1117 3039 1310 3124 Δημόκριτον

194 3149 245 3215 τὸν
267 3148 347 3215 Χῖον
369 3148 421 3215 καὶ
444 3149 623 3238 Θεοξενίδην
637 3153 689 3218 τὸν
705 3151 827 3240 Σίφνιοι
842 3155 964 3240 πρώτιισ
979 3149 1029 3216 ἐπὶ
1044 3153 1209 3238 χρώματος
1224 3149 1310 3220 τάξαι

191 3258 244 3343 τὴν
266 3257 347 3326 ἰδίαν
375 3258 503 3347 ποίησιν,
534 3266 574 3335 ὡς
606 3263 772 3351 Σωκράτης
795 3260 988 3349 (Ἰσοκράτης
1012 3271 1090 3329 ante
1113 3259 1309 3328 Meinehium

190 3371 276 3440 anal.
300 3373 388 3438 Alex.
412 3396 443 3458 p.
461 3381 530 3441 149.
547 3378 613 3462 50.)
628 3378 660 3440 ἐν
678 3375 741 3446 τοῖς
756 3375 830 3461 πρὸς
846 3373 1005 3453 Εἰδόθεον,
1022 3378 1062 3446 ὡς
1078 3375 1154 3459 παρ’
1172 3372 1311 3458 Ἀριστο-

193 3483 280 3568 φοίνει
309 3483 493 3567 τεταγμένου
522 3482 671 3550 ὑποτείνει
708 3486 740 3550 δέ
776 3511 820 3557 τις
849 3485 938 3549 αὐτὸν
961 3485 1195 3570 βωμολοχεῦοαι
1223 3483 1310 3554 αὐτὸς

193 3589 290 3664 δείξας
320 3595 352 3656 ἐν
381 3591 536 3678 ἁρμονίαις
559 3597 676 3682 χιοίζων
700 3597 720 3681 ἦ
744 3596 949 3681 etpalatum„
982 3595 1046 3660 nisi
1069 3597 1159 3677 quod
1190 3593 1310 3660 Suidas

260 3806 286 3875 l)
303 3805 427 3861 Turbata
438 3807 508 3862 haee
521 3824 580 3863 esse
593 3810 718 3879 apparet,
737 3811 820 3876 atque
830 3821 934 3871 vereor,
946 3822 980 3860 ae
994 3822 1044 3875 per
1056 3808 1101 3860 tot
1121 3807 1309 3876 operariomm

192 3905 287 3943 manua
306 3889 341 3944 ad
361 3889 473 3946 Suidam
490 3909 576 3961 usque
594 3893 778 3962 pervenerint,
798 3897 829 3945 ut
847 3890 967 3960 genuina
983 3891 1071 3945 forma
1088 3895 1209 3960 nequeat
1226 3891 1309 3946 resti-

191 3973 242 4028 tui.
283 3973 337 4028 Sed
360 3975 449 4030 totius
474 3981 549 4032 oerte
567 3979 623 4033 1οοί
646 3977 787 4034 sententia
811 3992 881 4044 quae
910 3977 949 4030 sit
972 3975 1104 4046 cognosci
1128 3991 1207 4044 posse
1232 3978 1309 4046 puto.

193 4059 326 4113 Versatur
350 4062 442 4114 autem
468 4079 574 4117 summa
599 4080 632 4118 ea
649 4065 718 4118 inre
737 4061 906 4126 difficultas,
931 4061 1005 4130 quod
1022 4060 1217 4130 Aristophanis
1237 4061 1311 4129 frag·

194 4145 318 4197 ruentum
336 4143 409 4198 unde
432 4143 550 4210 incipiat
568 4145 681 4203 dubium
699 4150 750 4202 est.
785 4146 857 4200 Mihi
875 4146 986 4215 quidem
1006 4144 1141 4199 ὑποτείνει
1158 4144 1228 4199 illud
1248 4161 1308 4198 oum

194 4228 295 4284 ceteris
313 4229 510 4298 Aristophanis
529 4231 621 4285 verbis
641 4232 817 4302 conjunctum
836 4231 903 4299 quid
920 4231 1009 4300 possit
1027 4228 1183 4298 significare
1199 4245 1311 4298 prorsus

193 4311 339 4368 obscurum
362 4331 423 4368 esse
444 4314 547 4378 fateor,
566 4319 663 4371 contra
680 4317 745 4372 illa:
766 4319 802 4374 ὡς
819 4313 975 4386 Σωκράτης.
997 4315 1057 4368 νιτλ.
1082 4320 1128 4381 (66
1152 4314 1165 4366 ὁ
1184 4312 1213 4365 δὲ
1232 4310 1259 4366 Σ.
1279 4312 1311 4382 l),

193 4411 226 4448 66
244 4397 325 4466 plane
344 4398 480 4463 titubent,
498 4399 581 4456 verbo
599 4399 677 4454 finito
695 4399 835 4454 fulcienda
858 4416 919 4455 esse
939 4417 1050 4463 eeusao;
1073 4400 1105 4453 ut
1121 4399 1198 4452 totus
1218 4414 1312 4453 assen-

1111 4486 1146 4534 5*
