3344 5126
736 397 774 458 69

196 575 367 659 genianus,
391 578 485 644 euius
509 578 589 644 haee
613 578 703 662 apud
726 578 925 662 Hesychium
943 585 1096 664 superest
1116 580 1229 662 glossa
1245 603 1315 647 mu-

197 687 308 752 tilata:
330 688 456 773 χιάζειν·
485 688 656 774 sequialtera,
682 711 743 755 sua
767 690 886 755 debent
909 699 1031 773 Didymi
1051 691 1153 760 lexico
1178 693 1312 760 comice.

198 799 266 864 lam
284 820 359 866 vero
383 801 470 865 inter
485 800 659 884 Didymum
676 800 908 886 Pollucemque
922 802 956 866 in
978 801 1040 866 hac
1056 808 1129 870 tota
1144 805 1314 888 provincia

198 908 322 974 nullum
346 909 437 975 aliud
454 911 696 994 conjunctionis
714 912 878 978 vinculum
893 913 1096 978 intercedere
1112 935 1211 998 quam
1228 915 1316 998 quod

125 1056 127 1061 ·
197 1025 305 1085 Iubam
342 1027 484 1105 uterque
521 1022 735 1105 exscripserit
780 1024 1007 1089 demonstrare
1052 1030 1192 1090 conatus
1231 1047 1311 1090 sum.

195 1130 305 1195 Etiam
338 1131 412 1196 aliis
447 1132 647 1215 quibusdam
679 1133 713 1196 in
750 1133 1047 1217 rebusccnvenit
1077 1135 1202 1201 Polluci
1238 1157 1312 1201 cum

196 1239 326 1323 Didymi
349 1242 637 1324 compilatoribus3
662 1243 845 1326 dequibus
868 1249 987 1328 postea
1010 1245 1161 1310 dicturus
1185 1268 1266 1314 sum.

282 1349 351 1434 Iam
374 1351 478 1433 igitur
507 1353 535 1416 si
566 1352 605 1417 de
629 1353 808 1418 harmoniis
832 1375 964 1437 quoque
987 1357 1160 1439 nomisque
1182 1377 1316 1441 praece-

197 1462 247 1544 pit
261 1461 352 1540 Iuba,
375 1460 462 1526 felici
477 1484 559 1527 casu
575 1462 700 1527 factum
718 1469 779 1540 est,
804 1470 842 1528 ut
864 1463 926 1529 hac
950 1471 1037 1530 certe
1060 1467 1092 1529 in
1107 1471 1203 1548 parte
1227 1487 1317 1548 egre-

196 1569 258 1651 giis
290 1593 363 1636 eum
403 1573 604 1640 auctoribus.
635 1596 733 1640 usum
770 1596 844 1640 esse
879 1564 1058 1658 possimus¹
1081 1575 1317 1641 demonstrare.

196 1681 339 1748 Pollucis
370 1683 455 1747 enirn
484 1684 512 1749 si
540 1685 801 1768 contemplamur
837 1685 886 1750 his
918 1685 957 1750 de
986 1687 1086 1751 rebus
1124 1685 1316 1766 doctrinam,

197 1793 314 1874 omnia,
337 1815 476 1876 quorum
499 1813 563 1860 nen
588 1796 703 1860 unicus
726 1796 798 1879 ipse
829 1796 927 1861 testis
951 1801 1048 1875 extat,
1077 1817 1116 1859 ex
1137 1795 1259 1860 eisdem
1284 1796 1313 1861 ei

197 1903 345 1968 lontibus
370 1925 550 1988 sanequam
572 1906 870 1988 praestantissimis
885 1905 1076 1990 provenisse
1092 1905 1312 1986 intellegimus

197 2013 316 2098 quibus
339 2021 529 2078 Plutarchus
550 2036 633 2080 usus
657 2017 763 2080 estin
789 2039 849 2083 suo
874 2015 913 2081 de
936 2017 1063 2082 musica
1093 2016 1204 2084 libello
1228 2038 1315 2083 com-

196 2122 358 2207 ponendo.
400 2125 615 2190 Plutarchum
639 2131 847 2192 autemeam
879 2129 919 2192 ab
944 2133 1118 2192 Heraclide
1141 2133 1175 2191 et
1197 2133 1317 2192 Aristo-

196 2255 276 2300 aeno
300 2240 430 2300 tantum
454 2255 519 2300 non
543 2234 652 2300 omnia
674 2221 862 2301 mutuatum
887 2259 960 2302 esse
990 2243 1159 2318 Weslplrali
1181 2236 1316 2301 evicerit

198 2345 373 2424 sagacitas,
401 2345 474 2411 vide
504 2366 603 2428 quarn
626 2346 809 2429 locupletes
831 2348 933 2412 Iubae
956 2354 1111 2412 auctores
1136 2345 1314 2430 deprehen-

196 2455 322 2521 damus.
367 2455 416 2520 Ab
439 2457 635 2522 Aristoxeno
667 2457 799 2539 quidem
831 2479 916 2540 quae
945 2463 1173 2541 quantumque
1204 2478 1315 2539 sump-

196 2566 277 2631 serit
305 2566 404 2647 luha‚
435 2567 531 2633 hodie
561 2566 613 2630 vix
648 2567 760 2632 licebit
790 2567 952 2648 dignosci:
982 2567 1015 2630 in
1043 2568 1094 2632 his
1125 2567 1164 2631 de
1192 2567 1313 2650 quibus

197 2701 285 2743 nunc
310 2679 445 2761 disputo
469 2679 569 2743 rebus
593 2698 652 2757 ego
676 2683 765 2742 certe
786 2675 866 2740 nihil
882 2677 989 2743 audeo
1013 2678 1126 2761 aliqua
1142 2699 1216 2743 cum
1239 2699 1315 2744 con·
1409 2730 1413 2736 .

195 2789 330 2853 fidentia
354 2791 396 2854 ad
419 2788 506 2852 hunc
529 2794 698 2854 auctorem
723 2776 875 2854 omnium
894 2787 1126 2868 gravissimum
1149 2810 1314 2854 revocare.

195 2899 266 2964 Nisi
295 2900 369 2982 quis
403 2897 487 2964 forte
515 2897 550 2961 id
584 2898 650 2963 huc
676 2898 782 2963 valere
810 2897 981 2980 largiatur,
1006 2899 1096 2981 quod
1119 2897 1314 2982 castoreum

196 3015 230 3072 et
253 3009 440 3075 Hieracium
465 3011 554 3094 μέλη,
578 3033 597 3074 a
618 3009 751 3076 Polluce
781 3011 799 3094 ᾖ
822 3014 861 3074 78
886 3015 1151 3086 commemorata,
1174 3010 1216 3075 ab
1239 3011 1312 3075 Ari-

195 3126 332 3186 stoxeno
355 3143 489 3205 quoque
512 3121 682 3187 nominata
705 3119 852 3184 videmus
870 3118 967 3201 (Plut.
983 3141 1066 3183 mus.
1089 3125 1161 3205 26.).
1187 3121 1312 3190 Contra

195 3235 360 3298 Heraclidi
380 3231 496 3298 Iubam
518 3230 606 3296 haud
630 3230 745 3312 exigua
768 3229 884 3294 debere
908 3234 1034 3294 certum
1057 3237 1116 3296 est.

193 3374 206 3381 —.
216 3375 327 3381 —---—

192 3417 303 3471 tandem
328 3419 406 3474 Dem.
429 3422 460 3473 et
483 3419 581 3472 Theox.
607 3418 767 3472 novaverint
790 3417 886 3486 parilis
911 3416 1023 3471 docebit
1046 3418 1120 3472 vitae
1141 3419 1309 3488 Sophocleae

193 3504 278 3570 locus,
297 3523 323 3574 p.
345 3508 399 3571 132,
424 3505 468 3569 ¹06
492 3502 638 3558 Westerm.
663 3501 727 3571 φησὶ
747 3497 767 3550 δ’
790 3497 987 3573 'rlprcrdfieuoc¹
1009 3503 1045 3558 ὡς
1065 3509 1172 3570 πρῶτος
1191 3503 1309 3572 (Sopho-

194 3589 260 3656 cles)
279 3598 332 3641 τῶν
350 3587 483 3658 Ἀθήνησι
502 3587 554 3656 (ita
571 3585 707 3651 lenensis,
728 3584 846 3647 rectius,
873 3589 904 3638 ut
928 3587 1003 3652 puto,
1028 3601 1109 3654 quam
1129 3586 1218 3638 ceteri
1236 3587 1307 3650 cdd„

192 3673 220 3726 in
245 3673 343 3742 quibus
370 3676 414 3728 est
444 3669 615 3742 'rldquqhem
646 3687 800 3740 quanquam
831 3672 883 3726 hcc
909 3670 991 3724 etiam
1016 3669 1058 3724 cd.
1090 3669 1307 3738 Cadirensisap.

195 3759 416 3826 Tisclendorfiam
436 3758 530 3812 anecd.
549 3773 616 3811 sacr.
635 3759 664 3810 et
680 3756 750 3824 prof.
770 3757 802 3810 cd
828 3757 858 3809 Il
875 3772 900 3825 p.
918 3755 968 3807 225
987 3756 1091 3818 tuetur)
1116 3761 1236 3823 ποιητῶν
1259 3756 1308 3824 τὴν

192 3841 306 3915 Φρύγιον
331 3843 382 3906 (ita
403 3842 522 3906 lenens,
547 3841 634 3897 Paris.
661 3842 696 3905 8.,
717 3839 858 3894 Cahirens.
877 3839 918 3894 cf.
943 3839 1067 3908 Alciplrr.
1097 3839 1142 3892 llI
1171 3841 1203 3892 59
1228 3839 1308 3909 τιάρᾳ

193 3925 311 3999 Φρυγίῳ)
326 3926 485 3995 octonarius
499 3927 547 3985 εἰς
562 3928 601 3978 τὰ
615 3926 684 3979 ἴδια
704 3913 835 3996 ᾅσματα
846 3924 1032 3996 παρέλαβε;
1045 3923 1064 3978 i.
1079 3941 1103 3978 c.
1114 3924 1142 3976 ln
1156 3927 1307 3978 monodias:

193 4012 226 4065 cf.
251 4013 390 4081 Wesqilul.
414 4014 494 4067 metr.
518 4013 532 4064 I
556 4015 587 4064 59
611 4011 653 4065 ed.
678 4010 777 4064 noviss.
802 4010 880 4064 Deru.
905 4011 992 4080 igitur
1016 4012 1045 4064 et
1067 4009 1168 4062 Theos.
1187 4010 1307 4060 clerema-

192 4101 269 4151 lieam
290 4115 372 4164 genas
396 4097 516 4151 omnium
541 4096 623 4164 primi
647 4096 674 4150 in
699 4099 836 4149 monodias
860 4096 934 4164 (narn
958 4095 1063 4164 ποίησις
1081 4093 1114 4146 ab
1136 4082 1234 4162 ᾅσματι
1252 4106 1307 4143 nou

193 4181 345 4245 diversum
369 4182 404 4238 cl.
434 4183 575 4249 Wesqueal.
592 4179 626 4234 ad
643 4181 717 4237 Plut.
740 4198 808 4234 mus.
833 4197 858 4248 p.
881 4185 923 4234 td.
949 4185 990 4234 tl.
1015 4178 1111 4245 Berqlr.
1130 4177 1182 4244 lyr.
1200 4175 1243 4228 ed.
1262 4174 1306 4228 ΙΙΙ

191 4284 219 4336 p.
248 4266 319 4335 810.)
348 4267 568 4322 introduxerunt.
597 4267 635 4320 Dc
664 4267 798 4332 Agathone
827 4264 916 4319 simile
941 4264 1007 4334 quid
1034 4264 1127 4315 narrat
1148 4261 1306 4314 Plutarchus

193 4367 278 4422 symp.
297 4349 342 4405 ΙΙΙ
364 4354 385 4408 l.
