3344 5126
733 423 772 486 57

189 607 279 672 illius
315 604 603 674 commentationis
640 603 876 684 fragmentum,
910 602 950 666 de
983 601 1138 666 Maesone
1168 619 1311 692 persona

131 759 133 762 -
191 717 325 798 comica,
356 715 486 799 (Nauck
508 737 539 798 p.
563 717 648 800 276),
678 712 712 776 id
736 733 927 795 quanquam
950 732 1016 777 non
1040 710 1083 774 ad
1105 709 1239 776 verbum
1260 732 1311 775 re-

191 827 320 910 petitur
342 825 433 910 apud
446 825 613 891 Pollucem
635 824 691 910 (IV
717 807 807 908 150),ι
821 843 872 886 me
896 821 1029 907 quidem
1048 820 1159 903 judice
1181 820 1216 884 in
1238 841 1313 904 per·

194 934 287 1002 sonis
303 955 436 1017 quoque
460 934 685 1000 describendis
710 935 739 1018 (ξ
765 938 941 1011 133—154)
964 952 985 996 a
1006 930 1314 1017 ‹lubapendentem

192 1043 271 1110 nihil
295 1051 405 1108 tamen
437 1044 557 1110 abillo
581 1048 739 1109 narratur
763 1047 853 1126 quod
876 1062 951 1105 cum
974 1041 1208 1126 Aristophanis
1237 1043 1313 1110 doc-

192 1155 292 1218 trina·
309 1159 448 1236 pugnet3
471 1155 569 1220 immo
593 1153 682 1237 quod
705 1154 852 1219 Maesoni
876 1154 990 1219 statim
1012 1153 1164 1236 adjungit
1185 1153 1313 1236 τέττιγα,

192 1283 231 1329 ea
258 1263 292 1326 in
326 1285 362 1328 re
392 1265 486 1347 sequi
514 1262 599 1329 adeo
628 1263 758 1329 videtur
780 1263 1016 1347 Aristophanis
1049 1265 1231 1347 exemplum
1271 1271 1311 1343 (v.

192 1379 312 1438 Nauck.
342 1397 373 1457 p.
399 1378 483 1458 276).
505 1375 618 1459 Ipsius
647 1375 753 1440 dubae
777 1374 816 1440 de
839 1375 990 1459 personis
1025 1375 1329 1468 commentationis¹

191 1484 266 1548 vola
282 1495 393 1548 extare
409 1487 519 1568 possit
541 1485 657 1568 vider13
682 1486 739 1552 sed
763 1507 801 1551 ea
827 1508 959 1569 quoque
983 1486 1084 1551 fallax
1106 1493 1159 1552 est
1175 1485 1311 1569 species.

190 1593 378 1677 Hesychius
392 1596 477 1660 enim
495 1619 516 1662 s.
534 1594 643 1680 Βρίγες
665 1596 856 1662 haecdicit:
872 1595 900 1661 οἱ
918 1596 972 1680 μὲν
987 1597 1104 1681 Φρύγες
1119 1634 1159 1644 -
1175 1601 1313 1663 censent

192 1704 277 1768 hanc
300 1726 411 1770 vocem
436 1707 620 1788 significare
640 1746 683 1755 —
706 1705 734 1770 ci
758 1706 791 1770 δὲ
815 1707 971 1794 βάρβαροι.
1017 1706 1097 1770 οἶδὲ
1119 1704 1314 1770 σολοικισταί.

190 1813 289 1897 Ἰόβας
324 1817 356 1879 δὲ
390 1815 446 1880 ὑπὸ
470 1819 579 1880 Λυδῶν
601 1816 829 1906 (ἀπο)φαίνεται
853 1818 942 1904 βρίγα
966 1807 1111 1902 λέγέσθαι
1138 1816 1189 1880 τὸν
1225 1817 1312 1879 eleh-

192 1928 291 2012 bspcv.
336 1928 474 1994 Poterat
494 1928 557 1993 hac
581 1928 620 1994 de
647 1950 682 1993 re
706 1950 744 1993 eo
772 1928 846 1993 loco
878 1929 1051 2013 disputare
1079 1930 1168 1994 Juba
1191 1931 1247 1994 ubi
1270 1928 1310 1992 de

193 2059 336 2121 persona
351 2043 353 2046 ’
367 2038 509 2122 quadam
534 2039 695 2123 βρίκελλος
718 2039 885 2124 appellata
910 2040 1209 2120 sermocinabatur;
1238 2059 1314 2101 nam

192 2149 276 2214 hanc
291 2170 402 2216 vocem
419 2172 492 2215 cum
508 2153 614 2215 altera
629 2151 685 2215 illa
700 2156 874 2232 cognatam
891 2171 965 2214 esse
982 2151 1163 2215 censebant
1179 2154 1317 2227 veteres,

194 2259 234 2323 cl.
252 2259 391 2344 Hesych.
411 2283 436 2326 s.
459 2283 486 2326 v.
509 2261 562 2326 Et.
585 2261 626 2324 ll.
651 2266 772 2340 213,40.
816 2260 881 2325 Sed
903 2261 988 2327 hano
1009 2260 1118 2343 ipsam
1140 2277 1315 2341 personam

196 2369 280 2434 adeo
296 2391 336 2436 ne
352 2370 518 2452 cognitam
535 2372 666 2454 quidem
690 2371 849 2437 habuisse
872 2370 1003 2436 videtur
1017 2371 1120 2449 luba3
1142 2368 1207 2433 huc
1231 2366 1316 2432 enim

193 2479 300 2544 valere
327 2488 410 2564 puto
440 2503 525 2565 quae
555 2505 579 2546 s.
604 2482 766 2567 βρίκελλος
792 2487 911 2548 narrat
933 2479 1129 2563 Hesychius,
1154 2485 1315 2559 Didymum

191 2609 261 2654 eam
278 2612 338 2673 pro
350 2611 494 2673 persona
509 2571 653 2657 barbara
669 2592 832 2670 habuisse,
845 2593 944 2656 itaut
957 2590 984 2656 si
997 2591 1077 2673 quid
1091 2589 1222 2656 omnino
1239 2588 1317 2650 hinc

192 2701 389 2766 concludere
403 2701 516 2795 licebit
531 2702 564 2766 id
580 2703 692 2786 potius
710 2701 973 2768 concludendum
991 2707 1041 2779 sit,
1054 2711 1196 2766 omissum
1211 2699 1316 2765 fuisse
1350 2719 1352 2724 ’

193 2809 256 2900 hoc
285 2832 448 2895 personae
470 2835 588 2879 acmen
611 2813 701 2896 apud
724 2835 798 2878 eum
821 2818 992 2878 auctorem
1016 2833 1111 2896 quem
1135 2810 1187 2875 his
1209 2811 1243 2874 in
1265 2830 1316 2874 re-

193 2922 255 2987 bus
285 2921 414 2988 solebat
443 2924 537 3008 sequi
564 2924 739 3008 Didymus,
765 2922 886 2988 anam
921 2923 1055 2987 scilicet.
1105 2922 1187 2986 Vere
1214 2920 1317 3002 igitur

196 3029 373 3115 ὁμοιότησιν
398 3032 461 3098 hoc
478 3031 584 3098 Jubae
607 3034 827 3116 fragmentum
852 3032 1012 3098 tribuisse
1025 3033 1156 3096 videtur
1170 3037 1318 3112 Plancius

195 3141 234 3204 de
255 3139 343 3206 Juba
365 3163 396 3224 p.
421 3149 468 3222 59,
497 3165 563 3226 quo
587 3143 671 3209 libro
694 3165 792 3208 usum
815 3163 890 3207 esse
907 3141 1083 3224 Didymum
1106 3147 1232 3206 certum
1256 3147 1315 3206 est.

282 3251 344 3316 Sed
368 3272 427 3316 cur
450 3252 592 3318 haereo?
623 3251 762 3319 Omnino
786 3273 892 3335 aequo
916 3251 1033 3317 harum
1055 3273 1165 3317 rerum
1189 3251 1317 3317 arbitro

196 3360 292 3445 plane
305 3382 370 3426 non
385 3362 449 3426 erit
472 3361 615 3442 dubium,
632 3365 712 3447 quin
735 3361 908 3428 historiam
930 3361 1126 3428 theatralem
1148 3369 1201 3427 tot
1222 3361 1316 3428 libris

197 3471 254 3553 qui
281 3470 508 3536 conscriberet
536 3474 565 3538 is
594 3494 711 3538 omnem
738 3495 805 3537 rem
836 3474 1021 3538 scaenicam
1050 3472 1254 3556 amplissime
1284 3476 1317 3536 et

197 3577 449 3647 accuratissime
466 3581 567 3646 fuerit
581 3581 877 3666 interpretaturus.
894 3581 1150 3666 Poteritautem
1159 3579 1223 3644 hcc
1235 3601 1317 3663 quo·

199 3712 262 3774 que
290 3712 340 3767 ea
357 3692 488 3756 ratione
522 3692 734 3775 aliquatenus
758 3691 990 3769 demonstrari,
1013 3697 1052 3754 ut
1080 3711 1317 3773 nonnunquam

197 3801 230 3864 in
262 3801 381 3866 ceteris
411 3823 542 3884 quoque
566 3808 751 3886 apparatus
777 3799 917 3867 scaenici
940 3799 1093 3883 partibus
1122 3799 1317 3865 enarrandis

200 3932 272 3975 cum
295 3910 535 3994 lexicographis
558 3913 745 3978 consentire
767 3913 933 3978 Pollucem
957 3911 1211 3977 demonstretur.
1248 3910 1317 3975 Hos
1434 3993 1435 3996 Ἴ

199 4022 283 4085 enim
307 4043 380 4085 cum
396 4020 536 4104 Didymo
558 4023 711 4105 plurima,
737 4029 770 4088 et
786 4023 837 4088 his
861 4023 994 4106 quidem
1008 4021 1042 4085 in
1064 4023 1164 4088 rebus
1187 4027 1318 4086 tantum

200 4152 264 4196 non
281 4131 391 4197 omnia
407 4131 525 4196 debere
548 4139 686 4212 constet,
710 4153 849 4215 cumque
865 4133 1041 4214 Didymum
1055 4136 1155 4198 Jobue
1170 4132 1204 4194 in
1218 4131 1318 4195 rebus

200 4241 421 4307 theatralibus
439 4262 500 4324 cpe
515 4263 612 4306 usum
636 4263 709 4307 esse
733 4241 1039 4308 demonstraverim:
1063 4241 1116 4305 ille
1133 4261 1229 4324 quem
1252 4237 1319 4302 dixi

201 4371 385 4416 consensus
407 4351 440 4414 id
465 4351 586 4431 poterit
607 4353 758 4436 profecto
779 4353 932 4436 probare,
960 4372 1026 4416 non
1050 4351 1223 4416 dimissum
1245 4369 1319 4414 esse
