3344 5126
911 401 952 461 26

366 597 433 642 non
457 577 564 658 video;
607 599 684 643 nam
716 579 1003 662 neglegentissime
1040 601 1123 665 opus
1161 602 1255 648 suum
1291 586 1488 670 compilasse

364 687 570 752 Athenaeum
597 686 736 771 posthac
763 687 916 771 pluribus
944 691 1101 775 exemplis
1131 691 1373 761 demonstrabo.
1417 694 1489 760 Hoc

366 802 502 876 eertum,
523 816 757 886 compugnare
780 819 855 864 oum
876 799 1010 867 Polluce
1033 798 1249 868 Athenaeum.

448 903 563 971 Pollux
592 903 610 988 ᾖ
634 909 673 968 75
702 904 785 973 haee
813 908 931 976 habet:
962 909 1129 993 μόναυλος·
1154 910 1305 994 μέμνηται
1334 912 1389 995 μὲν
1410 913 1487 976 obri

366 1014 527 1100 Σοφοκλῆς
557 1014 589 1077 ἐν
617 1011 782 1099 Θαμύριδι,
819 1016 853 1080 τό
882 1018 916 1082 δὲ
945 1017 1065 1103 εὕρημά
1094 1021 1172 1083 ἐστιν
1202 1016 1392 1102 Αἰγυπτίων·
1426 1029 1486 1087 cet.

369 1121 560 1188 Athenaeus
583 1146 614 1209 p.
639 1129 698 1190 175
721 1124 749 1187 Ε
772 1126 889 1192 refert:
913 1125 1098 1211 Αἰγυπτίους
1121 1127 1234 1212 λέγειν,
1261 1127 1312 1192 τόν
1335 1131 1488 1214 μόναυλον

364 1229 514 1317 Ὀσίριδος
538 1228 616 1298 εἶναι
638 1219 758 1318 εὕρημα
773 1239 807 1299 et
819 1244 979 1320 provocat
1000 1238 1044 1303 ad
1065 1238 1186 1307 multos
1207 1245 1381 1323 poetarum
1395 1241 1486 1306 locos

364 1362 504 1426 quorum
515 1347 638 1423 primm
658 1343 730 1428 ipse
744 1343 801 1410 ille
817 1343 990 1432 Sophoclis
1005 1367 1119 1414 versus
1135 1355 1185 1414 est
1199 1348 1243 1414 aul
1259 1369 1356 1431 quem
1371 1349 1487 1414 Pollux

364 1453 519 1540 respicit:
556 1460 706 1538 apertum
737 1460 799 1537 est,
839 1437 1006 1523 Pollucem
1037 1456 1069 1522 in
1098 1457 1206 1542 primo
1240 1477 1344 1540 eoque
1366 1457 1486 1526 idoneo

363 1563 510 1646 exemplo
527 1562 727 1646 substitisse,
736 1567 759 1650 ¹)
767 1563 972 1632 Athenaeum
986 1567 1096 1633 omnia
1110 1566 1391 1652 transscripsisse.
1413 1567 1485 1632 Hoc

362 1694 462 1739 unum
484 1673 571 1738 inter
593 1693 646 1738 eos
668 1673 849 1741 intercedit
869 1697 935 1742 non
956 1675 1164 1743 differentiae
1187 1675 1245 1742 sed
1273 1676 1486 1758 diversitatis,

363 1783 452 1867 quod
478 1786 610 1848 Osiridis
630 1784 829 1850 mentionem
856 1785 968 1852 omisit
995 1785 1119 1853 Pollux.
1168 1785 1383 1867 Neglegerem
1412 1786 1485 1866 hoc,

361 1891 426 1957 nisi
449 1896 467 1976 5
492 1898 530 1956 77
554 1892 637 1958 haec
658 1892 814 1975 legerem:
848 1892 931 1979 παρὰ
959 1892 982 1958 δ’
1009 1892 1186 1977 Αἰγυπτίοις
1208 1893 1484 1979 πολύρίλογγος

364 2001 465 2085 αὐλός,
480 1999 559 2067 'Oai
569 2025 585 2087 p
596 2004 675 2074 ιδος
690 2002 731 2066 ab
740 2027 855 2088 ρημα,
872 2005 906 2068 ἐκ
922 2004 1066 2089 καλάμης
1081 2003 1229 2089 κριόίνιγς.
1260 2002 1485 2089 Πολόφθογγον

361 2111 479 2178 tibiam
507 2119 640 2198 praeter
668 2112 835 2180 Pollucem
862 2135 956 2181 nemo
985 2114 1085 2181 novit.
1129 2112 1216 2193 Quid
1244 2113 1367 2196 igitur?
1409 2114 1484 2180 Dis·

361 2221 524 2306 cerpsisse
546 2242 631 2305 quae
648 2222 817 2308 jungenda
839 2228 934 2288 erant
954 2223 1120 2291 Pollucem
1142 2228 1241 2308 puto,
1272 2243 1370 2306 quem
1399 2224 1483 2289 osci·

360 2336 484 2397 tantem
511 2331 586 2414 plus
617 2331 718 2398 semel
744 2351 920 2417 possumus
951 2332 1237 2417 comprehendere.
1292 2331 1375 2397 Erat
1404 2354 1483 2399 sane

361 2440 558 2508 multisonus
582 2441 746 2525 μόναυλος;
774 2442 887 2525 itaque
915 2463 954 2508 ex
979 2462 1045 2508 uno
1074 2441 1244 2524 mensule,
1272 2442 1481 2528 πολυφθόγγῳ

361 2551 503 2618 fortasse
526 2552 691 2637 appellato
706 2554 730 2639 ί)
753 2552 795 2620 ab
818 2552 930 2636 aliquo
953 2558 1103 2634 auctore,
1131 2551 1215 2618 duas
1238 2549 1347 2617 effecit
1368 2551 1478 2618 tibias.

360 2658 429 2726 Gur
450 2667 560 2728 autem
583 2659 799 2728 confidentius
827 2681 1008 2748 proponam
1036 2661 1122 2728 hane
1153 2661 1376 2747 conjecturam
1404 2661 1481 2727 inde

360 2767 405 2852 fit,
427 2770 516 2854 quod
537 2790 653 2837 revera
668 2792 708 2839 ex
730 2779 854 2838 catomo
876 2771 1076 2838 fabricatum
1107 2770 1210 2836 fuisse
1232 2771 1420 2837 monaulum
1443 2792 1482 2836 ex

362 2898 401 2944 eo
422 2878 502 2944 licet
524 2879 720 2946 concludere
742 2882 831 2964 quod
851 2878 1107 2962 καλαμαύλας
1136 2880 1338 2948 recentiores
1361 2879 1481 2946 Graeci

359 2987 575 3074 appellabant
596 2993 743 3056 veterum
766 2988 942 3074 μοναόλος.ι
964 3012 993 3055 ν.
1019 2987 1135 3056 Athen.
1159 2989 1205 3056 IV
1229 2996 1288 3055 176
1314 2987 1399 3073 GlD.

444 3098 575 3167 Tibiam
589 3099 625 3162 ἐκ
642 3099 734 3183 νεβρῦ
749 3101 858 3165 κώλων
877 3099 1077 3166 fabricatam
1099 3098 1308 3166 Thebanis
1330 3099 1481 3165 tribuunt

360 3211 394 3271 et
415 3206 533 3274 Pollux
555 3209 573 3294 5
596 3215 636 3275 75
660 3216 692 3276 et
713 3208 902 3274 Athenaeus
927 3209 974 3275 lV
998 3213 1057 3276 182
1081 3207 1123 3289 E,
1151 3207 1241 3293 κόρας
1272 3214 1304 3274 et
1330 3209 1482 3293 σάλπιγγα

359 3315 536 3402 Tyrrhenis
558 3321 593 3382 et
614 3315 735 3382 Pollux
756 3321 774 3405 ξ
799 3325 838 3384 76
861 3326 894 3386 et
917 3313 1108 3384 Athenaeus
1131 3339 1162 3400 p.
1189 3321 1248 3384 184
1271 3318 1308 3384 A.

445 3424 561 3492 Pollux
587 3426 605 3511 ἓ
635 3431 689 3494 ie:
720 3428 837 3515 γίγγροι
865 3429 899 3494 δὲ
921 3427 1025 3512 μικρός
1047 3449 1091 3498 τις
1122 3427 1263 3498 αὐλίοκος
1292 3429 1395 3512 γοιόδη
1427 3423 1479 3491 καί

360 3534 507 3621 θρηνικὴν
540 3533 643 3621 φωνὴν
680 3534 793 3622 ἀφιείς,
828 3519 923 3623 φοίνιξ
953 3535 1007 3621 μὲν
1048 3539 1090 3601 ὢν
1124 3535 1178 3621 τὴν
1215 3536 1348 3621 elipeum,
1392 3535 1483 3621 πρόο-

363 3667 455 3730 φορος
478 3646 512 3709 δὲ
535 3645 633 3732 μοόογγ
656 3655 694 3732 τῇ
711 3645 842 3733 Καρικῇ.
864 3645 883 3730 ἡ
908 3648 942 3710 δὲ
963 3646 1116 3719 ΦοινίκιονΙ
1135 3649 1260 3729 γλῶσσα
1282 3644 1412 3730 Γίγγραν
1434 3643 1485 3709 τὸν

358 3748 497 3819 'Abour
525 3757 618 3820 καλεῖ
644 3754 695 3820 καὶ
718 3757 817 3842 τούτῳ
841 3758 858 3821 ό
885 3756 976 3826 αὐλός
1005 3754 1228 3838 ἐπωνόμασται
1278 3754 1484 3832 Quibuscum

367 3901 569 3913 ...w-

429 3983 454 4047 1)
471 4024 484 4049 ‚,
497 3979 564 4036 sva*
582 3982 691 4037 scilieet
703 3983 764 4048 ,τὸν
782 3979 1036 4052 καλλιφωνότατον·
1054 3998 1086 4036 er
1104 3980 1218 4036 testium
1231 3999 1345 4036 numero
1358 3981 1482 4052 deligen-

359 4067 430 4129 tom;
449 4065 523 4136 quod
540 4083 619 4122 suum
637 4067 724 4122 tuisse
743 4064 887 4122 consilium
902 4070 960 4136 ipse
973 4067 1079 4122 fatetur
1091 4066 1175 4134 praef.
1188 4066 1252 4122 libr.
1265 4067 1319 4122 Ill.
1339 4065 1381 4124 Of.
1396 4068 1482 4138 praef.

360 4149 381 4202 l·
400 4149 453 4305 Vll
465 4149 527 4292 lClX
530 4190 626 4305 ipsum
643 4233 785 4290 Pollucem
802 4235 817 4305 ξ
837 4239 882 4289 ei:
905 4231 995 4307 Ἐρεῖς
1014 4233 1043 4289 δὲ
1063 4233 1370 4307 καὶ.πολόφόογγος
1389 4237 1481 4298 αὐλός,

359 4320 403 4374 κοιλ
420 4319 603 4389 πολὺκομπος,
622 4318 803 4392 πολυκαρπής
823 4321 876 4376 cet.
