3344 5126
733 425 773 486 79

279 604 374 671 Unde
409 626 486 671 vero
524 604 686 670 eiusmodi
722 603 931 684 narrationes
965 603 998 668 in
1028 602 1149 668 Suidae
1185 602 1311 670 lexicon

200 714 423 798 pervenerint,
450 701 628 799 possumus
657 713 771 798 aliqua
794 718 883 778 certe
911 734 985 778 oum
1005 713 1241 799 probabilitate
1262 712 1313 776 in·

195 827 315 890 dicare.
360 824 497 890 Suidam
524 829 659 891 constat
686 821 842 908 Hesychii
871 821 989 888 Milesii
1018 821 1241 907 ὀνοματολόγον
1263 824 1312 888 rel

192 937 306 1022 potius
333 934 422 1000 illius
445 935 520 1001 libri
543 933 738 1019 epitomenl)
761 933 993 1018 exscripsisse3
1024 931 1224 1019 Hesychium
1254 934 1309 998 de-

196 1051 370 1130 poetarum
388 1065 569 1132 eorumque
593 1045 650 1128 qui
672 1045 804 1112 illorum
826 1044 972 1109 earmina
989 1045 1200 1111 commentati
1217 1050 1312 1108 erant

193 1156 483 1236 grammaticorum
506 1155 584 1220 vitis
616 1155 825 1221 consuluisse
853 1161 995 1235 Dionysii
1020 1161 1311 1220 Halicarnassensis

194 1269 320 1349 ροσικῆς
345 1258 476 1349 ἱστορίας
498 1263 602 1330 libros
617 1265 753 1332 XXXVI
777 1264 964 1332 docuerunt
990 1269 1021 1330 0.
1039 1271 1249 1332 Schneiderus
1272 1265 1311 1330 de

197 1371 322 1439 Gallim.
356 1395 443 1458 oper.
473 1374 590 1444 tabula
617 1375 722 1460 (prog.
745 1374 885 1442 Gothan.
911 1375 1006 1460 1862)
1027 1397 1057 1458 p.
1083 1381 1119 1438 14
1145 1397 1193 1459 sq.
1222 1383 1255 1440 et
1279 1381 1308 1440 C.

202 1491 449 1550 Woobsmutbios
478 1484 612 1568 symbol.
643 1484 754 1569 philol.
784 1485 887 1552 Bonn.
916 1507 946 1568 p.
982 1490 1051 1550 146.
1095 1484 1181 1562 Quid
1207 1485 1311 1580 igitur

194 1596 319 1670 mirum,
344 1594 373 1660 si
394 1593 482 1658 hunc
504 1593 667 1661 homiuem
690 1596 790 1662 lubae
814 1593 852 1658 de
876 1593 1015 1659 historia
1032 1594 1183 1661 scaenica
1198 1594 1310 1674 libros,

193 1704 309 1790 procul
347 1700 448 1772 dubio
491 1704 704 1785 utilissimoS,
745 1705 976 1789 compilantem
1013 1704 1311 1788 deprehendimus?
1342 1765 1346 1770 .

193 1815 305 1897 Immo,
333 1815 463 1882 etiamsi
492 1815 583 1881 nulla
611 1814 742 1883 omnino
776 1815 875 1881 huius
905 1814 952 1880 rei
983 1820 1135 1881 extarent
1163 1815 1311 1898 vestigia,

194 1946 301 1990 nonne
329 1946 389 2010 per
419 1947 453 1990 se
482 1925 610 1991 licitum
643 1931 734 1992 esset
763 1925 933 2009 conjicere,
959 1924 1061 1990 lubae
1092 1947 1177 2010 opus
1206 1926 1249 1992 ab
1272 1947 1310 1992 eo

195 2056 267 2101 esse
319 2034 504 2100 adhibitum
547 2035 604 2119 qui
646 2035 874 2120 ὑπορχημάτων
915 2033 1067 2121 ἀφήγησιν
1110 2036 1311 2110 institueret,

195 2145 450 2230 disputaretque
466 2141 535 2230 περί
557 2167 589 2208 τε
606 2145 767 2230 ὀρχηστῶν
786 2139 838 2208 καὶ
854 2142 959 2208 ἄλλων
980 2151 1040 2208 τῶν
1062 2147 1095 2209 ἐν
1109 2146 1173 2216 τοῖς
1191 2143 1309 2230 Ἑλλή-

194 2280 252 2321 νων
278 2256 419 2342 θεάτροις
448 2254 688 2340 ἀγωνιζομένων,
717 2256 791 2320 ὅθεν
819 2279 851 2318 τε
879 2250 931 2317 καὶ
954 2255 1036 2325 ὅπως
1067 2252 1095 2318 οἱ
1125 2253 1239 2319 τούτων
1261 2252 1311 2319 ἐπὶ

195 2366 272 2450 μέγα
294 2367 384 2438 κλέος
406 2361 481 2451 παρ’
509 2365 611 2437 αὐτοῖς
635 2365 857 2452 ἀναδραμόντες
872 2367 1036 2450 γεγόνασιν,
1060 2365 1200 2450 denique
1216 2367 1313 2451 αὐλη-
1427 2377 1430 2382 ·

194 2482 254 2541 τῶν
274 2478 452 2561 praeberet
473 2473 525 2540 καὶ
549 2475 735 2560 αὐλημάτων
758 2473 970 2565 tutionem)
992 2477 1111 2542 Mirum
1134 2476 1217 2541 adeo
1240 2477 1312 2541 fore

196 2586 222 2650 si
246 2586 321 2670 quis
336 2587 498 2653 Hadriani
512 2587 670 2671 aequalis,
693 2585 810 2651 harum
830 2609 941 2654 rerum
957 2594 1149 2654 accuratam
1165 2588 1313 2669 descrip-

195 2696 316 2762 tionem
352 2718 543 2780 aggressor,
585 2697 768 2763 ditissimos
800 2698 888 2779 regis
924 2696 1182 2782 uolopobeorolre
1219 2698 1313 2762 then-

196 2827 313 2873 sauros
344 2808 580 2890 praeteriisset,
609 2807 704 2872 facile
732 2808 831 2892 periti
860 2808 1060 2890 intellegent.
1105 2807 1192 2886 Quid
1222 2807 1310 2891 quod

194 2915 275 2983 haee
299 2918 446 2984 fortasse
470 2938 592 2983 caussa
622 2925 695 2983 erat
721 2939 780 2982 cur
808 2921 945 3001 Sopater
971 2919 1005 2982 in
1047 2915 1206 3002 Ἐκλογῶν
1226 2918 1311 2982 libro

195 3026 368 3094 undecimo
399 3048 438 3093 ex
465 3029 568 3094 Iubae
591 3026 739 3111 θεατρικῇ
761 3025 878 3112 ἱστορία
901 3051 1003 3095 unum
1027 3029 1203 3112 septimum
1227 3027 1312 3092 deci-

195 3159 284 3200 mum
310 3137 430 3203 librum
459 3136 696 3222 excerpendum
727 3139 864 3222 selegit?
890 3141 916 3226 ³)
938 3138 1018 3222 quid
1041 3139 1069 3204 si
1092 3139 1134 3204 ab
1157 3138 1311 3203 universo

196 3267 293 3328 opere
321 3247 523 3330 excerpendo
551 3249 625 3314 ideo
654 3246 793 3328 destitit,
828 3250 906 3332 quia
944 3248 1121 3314 utilissima
1159 3267 1311 3329 quaeque

195 3355 271 3419 inde
289 3359 357 3438 jam
380 3357 413 3422 in
437 3358 586 3443 Dionysii
608 3359 765 3442 illiusque
795 3359 1023 3443 epitomatoris
1048 3358 1121 3422 Rufi
1143 3357 1256 3440 libros,
1279 3358 1310 3420 in

197 3465 365 3550 prioribus
387 3467 673 3535 miscellaneorum
698 3487 833 3536 suorum
855 3469 1010 3554 partibus
1027 3490 1047 3532 a
1064 3489 1099 3532 se
1112 3467 1311 3550 compilatos

195 3577 372 3644 transiisse
393 3578 695 3646 animadverterat?

195 3797 305 3834 maanus
328 3781 361 3836 de
386 3781 487 3838 Suidae
510 3781 654 3853 biograph.
677 3799 704 3852 p.
728 3787 768 3836 21.
792 3785 832 3837 22.
858 3782 912 3837 Sed
935 3782 1003 3838 mihi
1020 3779 1131 3852 quidem
1149 3777 1312 3835 tenuissima

195 3865 253 3918 veri
272 3865 360 3935 specie
378 3865 431 3919 niti
446 3866 577 3921 ridentur
595 3867 658 3923 illae
676 3867 839 3923 Volkmanni
857 3869 1036 3940 conjecturae.

266 3952 290 4016 1)
310 3948 342 4003 V.
366 3951 529 4004 Nietzrebias
547 3969 616 4008 mus.
640 3954 716 4010 rhen.
735 3953 815 4008 XXII
840 3957 887 4007 193
910 3972 937 4009 n.
963 3957 994 4007 18
1021 3953 1197 4007 Volkmannas
1223 3949 1308 4019 symb.

197 4031 283 4088 Bonu.
301 4050 325 4101 p.
345 4035 395 4088 119
413 4035 470 4089 not.

275 4117 401 4186 illicet
425 4119 497 4173 enim
519 4119 596 4186 haec,
620 4121 654 4175 de
670 4120 755 4185 Rufo,
778 4121 903 4191 Dionysii
920 4123 1106 4192 epitomatore,
1124 4120 1311 4191 praedicatae

195 4203 293 4257 Photio
312 4203 378 4258 bibl.
399 4203 439 4257 cd.
461 4203 547 4258 CLXI
564 4223 588 4274 p.
609 4207 656 4258 103
671 4205 696 4271 b,
718 4209 823 4272 18-31,
844 4208 876 4258 :ll
895 4223 945 4275 sq,
960 4206 988 4259 in
1000 4205 1088 4274 ipsius
1107 4204 1232 4274 Dionysii
1244 4219 1310 4272 opus

194 4287 353 4342 transferre.

267 4375 286 4436 ³)
306 4371 338 4426 V.
358 4371 438 4428 Phot.
458 4372 501 4428 cd.
521 4371 606 4426 CLXI
625 4391 652 4442 p.
674 4377 721 4428 rol
734 4373 760 4439 b,
779 4379 818 4428 35.
