3344 5126
742 428 781 490 59

286 607 378 672 Inter
401 605 598 670 feminarum
620 607 779 670 vest'tum
801 606 819 690 β
845 611 905 668 120
927 612 1122 671 numeratur
1144 610 1323 691 συμμετρία·

203 708 280 799 ὅπερ
310 711 371 784 ἐςτὶ
394 715 490 800 χιτὼν
513 714 665 800 ποδήρης,
688 711 841 798 ἁλουργὴς
864 715 976 799 κίκλῳ.
1006 715 1109 782 Paulo
1133 716 1198 781 alia
1227 716 1324 782 docet

201 823 396 908 Hesychius
423 847 489 892 non
512 825 638 891 aliena:
669 825 847 910 συμμετρία·
877 821 992 909 ἔνδυμα
1013 829 1164 908 γυναικῶν
1192 827 1323 910 ποδῆρες

203 939 238 1000 du
262 933 334 1021 ἔχον
356 937 462 1021 σίρμα.

284 1065 302 1148 β
326 1068 382 1128 121
397 1067 517 1147 πρῶτον
528 1063 625 1132 Ειίλον·
647 1063 666 1146 ἠ
689 1060 836 1146 προεδρία
852 1066 912 1126 cet·
931 1059 1070 1143 Hesych.
1093 1065 1213 1145 πρῶτον
1229 1061 1324 1131 ξύλον·

200 1179 319 1259 πρῶτον
344 1173 467 1258 βάθρον,
489 1173 509 1255 ἡ
532 1171 686 1256 προεδρία.

283 1294 301 1377 β
332 1294 410 1358 121;
444 1329 479 1340 -
509 1290 560 1354 τὸν
590 1296 710 1375 πρῶτον
744 1290 911 1362 καθίζοντα
946 1289 1166 1374 πρωτόβαθρον
1201 1282 1324 1373 εἴρηκεν

199 1400 395 1486 Φερεκράτης
423 1402 440 1464 δ
468 1400 794 1487 κωμῳδοδιδάσκαλος.
839 1400 978 1484 Hesych.
1010 1399 1240 1484 πρωτδβαθρον·
1273 1396 1324 1462 τὸν

199 1509 363 1596 προεδρίας
387 1510 564 1581 ἀξιωθέντα.
607 1511 681 1576 Alia
702 1510 807 1577 tradit
826 1515 905 1576 Orus
926 1511 1098 1576 Antiattic.
1121 1533 1151 1593 p.
1177 1510 1247 1588 112,
1270 1513 1324 1573 26:

202 1621 432 1707 πρωτόβαθρον·
456 1623 488 1685 ἐν
510 1620 577 1692 ταῖς
600 1619 726 1705 σκηναῖς
748 1618 776 1684 οἱ
799 1626 914 1705 πρῶτοι
930 1627 990 1684 τῶν
1006 1624 1164 1706 χορευτῶν
1186 1620 1324 1698 ἑστῶτες,

197 1732 373 1816 Didymum
392 1754 488 1798 suum
504 1751 677 1816 perperam
699 1730 907 1813 intellegens3
924 1753 998 1796 nam
1014 1731 1133 1795 falsam
1150 1752 1223 1796 esse
1239 1729 1323 1792 hane

197 1843 507 1927 interpretationem
530 1841 580 1907 vel
601 1841 819 1924 veriloquium
843 1842 971 1907 evincit.
1284 1910 1286 1914 .

282 1963 300 2047 β
325 1967 398 2027 122;
427 1958 645 2046 πτερνυκοπεῖν
667 1959 747 2024 dicit
767 1959 882 2026 Pollux
915 1966 1121 2045 spectatores
1144 1959 1235 2022 ὁπότε
1257 1959 1323 2022 τινὰ

198 2071 417 2155 ἐκβάλοιεν.
462 2061 530 2158 apt
560 2067 611 2133 καὶ
642 2069 676 2134 τὸ
709 2071 888 2142 κλώζειν.
943 2069 1084 2155 Hesych.
1116 2071 1255 2141 κλῶζειν·
1288 2068 1322 2132 τὸ
1444 2133 1446 2137 ,

196 2181 396 2270 ἐκβαλεθν
418 2183 452 2245 ἐκ
480 2184 538 2245 τῶν
560 2179 710 2266 θεάτρων,
742 2182 799 2264 qui
821 2181 918 2263 plura
942 2181 1059 2246 deinde
1082 2179 1176 2246 addit
1197 2179 1239 2244 de
1260 2178 1323 2247 hoc

202 2300 413 2377 contemptus
436 2313 562 2376 genere,
587 2292 787 2376 quibuscum
802 2291 941 2358 Photius
964 2292 981 2356 Ι
1004 2295 1064 2356 347
1087 2290 1125 2352 N.
1149 2290 1324 2356 consentit.

201 2403 370 2470 Simillima
385 2401 584 2469 Eustathius
600 2403 728 2487 profert
745 2407 835 2484 1504,
858 2407 897 2468 29
922 2402 965 2468 ad
981 2392 1112 2470 παλαιίς
1127 2421 1322 2484 provocans.

283 2523 301 2607 β
325 2527 400 2587 122:
430 2520 574 2586 ἐκαλεῖτο
598 2521 631 2583 δέ
653 2543 682 2582 τι
695 2517 756 2583 ’καί
772 2520 950 2606 βυλευτικδν
973 2519 1063 2603 μέρος
1085 2522 1123 2580 τῶ
1140 2517 1253 2604 θεάτρυ
1270 2515 1321 2582 καὶ

199 2633 356 2718 ἐφηβικόν.
400 2632 450 2697 Ex
463 2632 576 2718 eodem
600 2637 753 2714 apertum
776 2638 828 2697 est
850 2638 987 2697 auctore
1011 2630 1234 2712 transscripta
1249 2652 1323 2696 esse

202 2764 288 2825 quae
311 2743 401 2826 apud
424 2741 624 2825 Hesychium
636 2741 807 2823 leguntur:
831 2742 1017 2827 βυλευτικόν·
1038 2740 1129 2810 τόπος
1157 2763 1201 2810 τις
1221 2739 1322 2825 Ἀθη-

199 2877 282 2937 νησιν
296 2855 328 2916 ἐν
343 2856 387 2938 τῷ
396 2850 528 2937 θεάτρῳ,
553 2844 630 2915 ὅπου
648 2849 676 2914 οἱ
700 2847 892 2936 βουλευτικοί
915 2849 1086 2934 καθήμενοι
1109 2849 1252 2914 ἐθεῶντο·
1270 2847 1322 2914 καὶ

198 2962 232 3026 οὔ
255 2961 283 3026 οἱ
307 2959 418 3048 ἔφηβοι
440 2961 587 3047 ἐφηβικδν
610 2961 762 3026 ἐκαλεῖτο.

283 3083 301 3167 β
327 3086 396 3147 122:
420 3077 514 3151 ἔξεστι
537 3077 637 3144 δὲκαὶ
659 3079 693 3144 τὸ
716 3081 941 3164 παραπέτασμα
957 3077 1086 3142 αὐλαίαν
1102 3075 1322 3160 καλεῖν,Ὑπε-

199 3191 265 3275 ρίδυ
286 3189 424 3262 εἰπόντος
448 3192 480 3254 ἐν
501 3195 545 3274 τῷ
564 3191 643 3254 κατὰ
667 3187 863 3275 Πατροκλέας
887 3197 948 3255 cet.
971 3190 1112 3274 Hesyeh.
1138 3185 1260 3253 αὐλαία·
1282 3227 1322 3237 -

199 3300 233 3365 τὸ
253 3307 306 3385 τῆς
321 3306 433 3386 σκηνῆς
448 3300 678 3385 παραπέτασμα.
723 3301 897 3384 Didymum
910 3300 1024 3366 eodem
1040 3308 1143 3384 atque
1159 3300 1324 3366 Pollucem

199 3420 336 3480 auctore
363 3434 463 3479 usum
485 3433 559 3478 esse
582 3411 702 3478 docent
723 3412 855 3493 glossae
878 3413 912 3475 in
934 3412 1074 3476 Antiatt.
1103 3435 1134 3496 p.
1159 3415 1211 3494 83,
1239 3417 1266 3476 7.
1290 3418 1324 3475 et

199 3521 232 3587 in
256 3522 310 3588 Vl.
347 3520 488 3586 Bekkeri
513 3521 618 3589 lexico
647 3545 680 3606 p.
707 3526 779 3602 463,
815 3528 862 3602 14,
884 3507 929 3586 'in
959 3522 1081 3604 quibus
1111 3523 1154 3586 ad
1184 3521 1323 3586 eundem

200 3632 378 3717 Hyperidis
400 3631 510 3699 locum
531 3638 742 3715 provocatur.

285 3752 303 3838 β
329 3757 403 3817 123:
432 3750 481 3816 De
505 3755 639 3832 thynum
668 3755 737 3814 tam
759 3750 876 3832 exigua
900 3756 979 3815 sunt
1003 3770 1088 3832 quae
1110 3748 1226 3814 Pollux
1248 3771 1322 3832 pro-

199 3860 275 3946 fert,
290 3868 330 3928 ut
350 3862 448 3945 plane
470 3867 618 3947 nequeat
641 3859 798 3943 dignosci,
821 3882 899 3925 num
922 3859 1061 3924 eundem
1084 3858 1137 3923 ille
1162 3865 1324 3942 sequatur

199 3978 369 4038 auctorem
393 3978 495 4056 atque
517 3972 618 4037 ceter'i
640 3971 854 4054 grammatici,
879 3993 1019 4053 quorum
1042 3970 1133 4036 locos
1151 3975 1323 4034 Schneide-

199 4105 254 4148 νινε
277 4081 455 4182 exscripsit
475 4105 508 4167 ρ.
533 4088 572 4147 75
596 4089 629 4148 et
651 4085 723 4148 262.
976 4059 984 4076 ⁸

283 4202 301 4285 β
328 4179 408 4266 123:¹
430 4196 480 4264 ἐπὶ
504 4199 538 4264 δὲ
559 4205 612 4284 τῆς
635 4205 746 4285 σκηνῆς
769 4194 820 4264 καὶ
844 4198 963 4283 ἀηυιεὺς
987 4194 1085 4260 ἔκειτο
1105 4197 1206 4284 βωμὸς
1228 4200 1244 4261 ὁ
1267 4197 1324 4284 πρὸ

199 4319 259 4376 τῶν
282 4311 391 4396 θυρῶν.
414 4309 553 4395 Hesych.
582 4310 701 4395 ἀηυιειίς
723 4310 739 4371 ὁ
761 4309 818 4394 πρὸ
841 4315 902 4371 τῶν
924 4309 1026 4392 θυρῶν
1042 4308 1133 4378 ἑστὼς
1162 4308 1263 4396 βωμὸς
1294 4312 1325 4374 ἐν
