3344 5126
283 1483 372 1549 Casu
394 1480 518 1544 infelici
542 1502 584 1544 an
606 1479 758 1561 improba
780 1479 888 1543 dicam
904 1479 1092 1544 ultimorum
1108 1480 1318 1562 antiquitatis

201 1615 299 1677 quam
321 1611 475 1659 vocamus
499 1597 683 1671 temporum
705 1589 913 1671 neglegentia
935 1590 1058 1654 factum
1082 1598 1142 1672 est,
1164 1601 1201 1656 ut
1221 1591 1319 1656 uber-

200 1704 303 1768 rimae
319 1702 613 1767 Alexandrinorum
634 1699 803 1764 doctrinae
825 1699 990 1780 integrum
1012 1707 1255 1764 monumentum
1278 1722 1318 1766 ne

201 1836 301 1878 unum
324 1812 456 1895 quidem
478 1811 521 1874 ad
543 1817 659 1876 nostra
680 1829 785 1891 usque
807 1816 957 1890 tempora
979 1817 1143 1874 servatum
1159 1811 1211 1874 sit.
1235 1810 1319 1876 Gon-

200 1922 319 1988 tractis
342 1941 460 2002 nempe
483 1927 517 1984 et
539 1919 686 2000 spoliatis
707 1918 930 2001 antiquiorum
945 1919 1237 2002 grammaticorum
1252 1941 1320 1984 am·

200 2029 359 2117 piissimis
382 2027 538 2110 operibus
561 2029 762 2095 recentiores
785 2028 842 2092 isti
864 2026 1030 2109 Graeculi,
1063 2028 1202 2113 abjectis
1223 2051 1319 2094 verae

202 2147 235 2206 et
262 2141 412 2222 integrae
440 2127 612 2203 doctrinae
640 2137 845 2218 thensauris,
881 2157 945 2219 quo
979 2136 1119 2220 quisque
1149 2137 1234 2204 liber
1263 2160 1320 2203 an·

202 2249 406 2333 gustioribus
435 2249 669 2317 continebatur
697 2249 827 2329 linibus,
855 2269 894 2313 eo
920 2247 1078 2312 libentius
1106 2249 1320 2333 usurpabant,

203 2381 241 2425 eo
264 2359 468 2441 frequentius
491 2360 787 2426 transscribebant.
824 2359 940 2442 Itaque
962 2359 1026 2424 hac
1047 2358 1184 2441 pigritia
1206 2358 1322 2440 evenit,

202 2467 1351 2551 umffimmmfflmmmwfflmQMMmfflmm'

201 2577 405 2660 temporibus
429 2579 577 2660 quamvis
605 2579 670 2663 ipsi
692 2579 766 2644 novi
789 2600 853 2650 non
874 2579 1012 2642 multum
1033 2577 1211 2660 protulisse
1233 2578 1322 2642 vide·

202 2691 309 2767 antur,
330 2692 477 2751 veterum
498 2695 608 2752 tamen
622 2694 655 2753 et
669 2688 966 2770 Peripateticorum
982 2691 1014 2750 et
1028 2685 1322 2751 Alexandrinorum

203 2794 316 2878 copias
339 2795 487 2879 integras
502 2797 702 2881 colligebant
717 2805 750 2864 et
764 2799 940 2880 diligenter
954 2795 1174 2877 disponebant
1188 2818 1323 2879 magna·

203 2926 267 2988 que
287 2906 419 2988 priscae
433 2908 623 2992 probaeque
638 2889 809 2975 doctrinae
824 2916 982 2990 tanquam
997 2905 1118 2970 horrea
1136 2905 1323 2971 condebant

202 3052 247 3064 -
282 3023 319 3082 ut
348 3039 389 3082 ne
423 3019 541 3084 horum
575 3019 707 3102 quidem
741 3017 1043 3100 grammaticorum,
1083 3013 1214 3099 Didymi
1241 3035 1322 3100 prae

204 3128 325 3192 ceteris
340 3136 374 3194 et
387 3128 559 3212 Pamphili,
582 3129 685 3193 ullum
708 3128 751 3191 ad
772 3147 832 3190 nos
847 3124 1034 3209 pervenerit
1047 3123 1213 3188 illibatum
1228 3145 1321 3205 opus.

205 3234 269 3302 Sed
290 3237 324 3302 in
345 3223 408 3303 hac
430 3245 542 3304 tamen
567 3229 728 3320 antiquae
750 3235 921 3301 doctrinae
947 3233 1042 3300 clade
1064 3232 1251 3298 miserrima
1272 3241 1324 3297 est

206 3365 265 3409 cur
295 3344 391 3409 nobis
420 3347 624 3428 gratulemur
652 3351 758 3432 ipsam
785 3346 877 3411 illam
905 3366 1004 3427 quam
1026 3342 1122 3408 modo
1143 3343 1323 3427 perstrinxi

206 3453 426 3518 recentiorum
449 3454 651 3521 Graecorum
672 3456 846 3538 ignaviam.
889 3454 1052 3520 Nimirum
1081 3453 1159 3517 dum
1182 3453 1323 3517 anterio-

205 3583 278 3626 rum
300 3561 504 3627 eruditorum
527 3564 641 3647 copias
657 3567 845 3631 describere
868 3573 901 3629 et
916 3563 1110 3629 contrahere
1126 3561 1207 3625 satis
1223 3561 1324 3625 habe·

206 3671 303 3752 bant,
336 3678 369 3735 et
397 3671 609 3737 librariorum
639 3675 745 3756 magis
775 3695 874 3756 quam
903 3679 1075 3736 auctorum
1102 3670 1325 3753 fungebantur

206 3781 345 3862 vicibus,
366 3781 520 3865 pudenda
541 3782 605 3848 hac
627 3781 747 3848 inertia
770 3780 921 3846 effectum
942 3786 1002 3861 est,
1030 3779 1122 3844 utin
1145 3778 1323 3844 decurtatis

208 3894 338 3973 q'uoque
366 3891 551 3973 misereque
579 3890 741 3956 truncatis
764 3891 933 3975 amplioris
956 3890 1152 3956 eruditionis
1174 3889 1324 3972 reliquiis

207 4007 318 4065 tamen
340 3999 419 4082 quid
442 4003 561 4083 auique
583 4001 795 4067 tribuendum
818 4002 862 4065 sit
874 4009 1021 4068 veterum
1036 4001 1324 4084 grammaticorum

207 4108 297 4174 haud
312 4128 388 4174 raro
404 4107 486 4172 satis
502 4109 706 4175 affirmanter
721 4111 899 4176 etiamnum
914 4111 1078 4195 possimus
1091 4111 1325 4176 demonstrare.

293 4218 384 4283 Haec
399 4239 476 4282 vero
491 4217 676 4300 priscorum
691 4221 773 4284 artis
788 4220 1023 4302 grammaticae
1044 4225 1326 4284 monumentorum

211 4325 342 4392 effossio
365 4328 480 4410 quanti
502 4329 545 4392 sit
567 4327 601 4391 in
623 4347 735 4400 omnes
758 4328 826 4391 fere
848 4333 980 4391 nostrae
1003 4328 1199 4411 disciplinae
1213 4334 1326 4412 partes

261 4444 369 4495 ltohde,
382 4445 414 4486 lle
427 4445 520 4487 Polluci·
533 4443 639 4488 fontibus.
1110 4448 1120 4497 1
