<?xml version="1.0" encoding="UTF-8"?>
<!DOCTYPE html PUBLIC "-//W3C//DTD XHTML 1.0 Transitional//EN"
    "http://www.w3.org/TR/xhtml1/DTD/xhtml1-transitional.dtd">
<html xmlns="http://www.w3.org/1999/xhtml" xml:lang="en" lang="en">
 <head>
  <title>
</title>
<meta http-equiv="Content-Type" content="text/html;charset=utf-8" />
  <meta name='ocr-system' content='tesseract 3.04.00' />
  <meta name='ocr-capabilities' content='ocr_page ocr_carea ocr_par ocr_line ocrx_word'/>
</head>
<body>
  <div class='ocr_page' id='page_1' title='image "./dejuliipollucis00rohdgoog_0083.png"; bbox 0 0 3344 5126; ppageno 0'>
   <div class='ocr_carea' id='block_1_1' title="bbox 897 407 938 467">
    <p class='ocr_par' dir='ltr' id='par_1_1' title="bbox 897 407 938 467">
     <span class='ocr_line' id='line_1_1' title="bbox 897 407 938 467; baseline 0 0"><span class='ocrx_word' id='word_1_1' title='bbox 897 407 938 467; x_wconf 81' lang='lat'><strong>74</strong></span> 
     </span>
    </p>
   </div>
   <div class='ocr_carea' id='block_1_2' title="bbox 350 567 1568 4073">
    <p class='ocr_par' dir='ltr' id='par_1_2' title="bbox 350 567 1568 4073">
     <span class='ocr_line' id='line_1_2' title="bbox 449 567 1480 654; baseline 0 -20"><span class='ocrx_word' id='word_1_2' title='bbox 449 568 557 634; x_wconf 90' lang='lat' dir='ltr'><strong>Veluti</strong></span> <span class='ocrx_word' id='word_1_3' title='bbox 588 589 674 651; x_wconf 86' lang='lat' dir='ltr'><strong>quae</strong></span> <span class='ocrx_word' id='word_1_4' title='bbox 704 567 744 633; x_wconf 92' lang='lat' dir='ltr'><strong>de</strong></span> <span class='ocrx_word' id='word_1_5' title='bbox 771 591 861 635; x_wconf 89' lang='lat' dir='ltr'><strong>nomo</strong></span> <span class='ocrx_word' id='word_1_6' title='bbox 891 576 1021 652; x_wconf 70' lang='lat' dir='ltr'><strong>Itstbico</strong></span> <span class='ocrx_word' id='word_1_7' title='bbox 1050 569 1212 636; x_wconf 84' lang='lat' dir='ltr'><strong>docentur</strong></span> <span class='ocrx_word' id='word_1_8' title='bbox 1233 570 1251 654; x_wconf 63' lang='grc' dir='ltr'>ξ</span> <span class='ocrx_word' id='word_1_9' title='bbox 1272 574 1322 650; x_wconf 82' lang='grc'><strong>84,</strong></span> <span class='ocrx_word' id='word_1_10' title='bbox 1344 589 1384 635; x_wconf 90' lang='lat' dir='ltr'><strong>ea</strong></span> <span class='ocrx_word' id='word_1_11' title='bbox 1406 591 1480 634; x_wconf 90' lang='lat' dir='ltr'><strong>cum</strong></span> 
     </span>
     <span class='ocr_line' id='line_1_3' title="bbox 363 676 1480 746; baseline 0.001 -6"><span class='ocrx_word' id='word_1_12' title='bbox 363 676 453 743; x_wconf 90' lang='lat' dir='ltr'><strong>haud</strong></span> <span class='ocrx_word' id='word_1_13' title='bbox 483 677 694 744; x_wconf 78' lang='lat' dir='ltr'><strong>mediocriter</strong></span> <span class='ocrx_word' id='word_1_14' title='bbox 721 678 925 746; x_wconf 75' lang='lat' dir='ltr'><strong>abhorreant</strong></span> <span class='ocrx_word' id='word_1_15' title='bbox 960 701 981 744; x_wconf 89' lang='lat' dir='ltr'><strong>a</strong></span> <span class='ocrx_word' id='word_1_16' title='bbox 1010 684 1174 745; x_wconf 78' lang='lat' dir='ltr'><strong>Strabonis</strong></span> <span class='ocrx_word' id='word_1_17' title='bbox 1209 679 1359 746; x_wconf 88' lang='lat' dir='ltr'><strong>eiusdem</strong></span> <span class='ocrx_word' id='word_1_18' title='bbox 1392 679 1480 744; x_wconf 92' lang='lat' dir='ltr'><strong>nomi</strong></span> 
     </span>
     <span class='ocr_line' id='line_1_4' title="bbox 364 786 1480 874; baseline 0.003 -23"><span class='ocrx_word' id='word_1_19' title='bbox 364 786 594 872; x_wconf 80' lang='lat' dir='ltr'><strong>descriptione,</strong></span> <span class='ocrx_word' id='word_1_20' title='bbox 616 788 663 853; x_wconf 87' lang='lat' dir='ltr'><strong>IX</strong></span> <span class='ocrx_word' id='word_1_21' title='bbox 685 793 712 869; x_wconf 84' lang='lat'><strong>3,</strong></span> <span class='ocrx_word' id='word_1_22' title='bbox 738 791 778 854; x_wconf 89' lang='lat'><strong>10</strong></span> <span class='ocrx_word' id='word_1_23' title='bbox 800 812 830 874; x_wconf 92' lang='lat' dir='ltr'><strong>p.</strong></span> <span class='ocrx_word' id='word_1_24' title='bbox 846 793 906 855; x_wconf 82' lang='grc'><strong>421</strong></span> <span class='ocrx_word' id='word_1_25' title='bbox 925 790 1009 871; x_wconf 84' lang='lat' dir='ltr'><strong>Cas,</strong></span> <span class='ocrx_word' id='word_1_26' title='bbox 1032 796 1142 856; x_wconf 89' lang='lat' dir='ltr'><strong>tamen</strong></span> <span class='ocrx_word' id='word_1_27' title='bbox 1157 789 1257 856; x_wconf 92' lang='lat' dir='ltr'><strong>nolim</strong></span> <span class='ocrx_word' id='word_1_28' title='bbox 1280 791 1320 855; x_wconf 89' lang='lat' dir='ltr'><strong>de</strong></span> <span class='ocrx_word' id='word_1_29' title='bbox 1336 788 1480 856; x_wconf 86' lang='lat' dir='ltr'><strong>Pollucis</strong></span> 
     </span>
     <span class='ocr_line' id='line_1_5' title="bbox 365 898 1479 983; baseline 0.001 -19"><span class='ocrx_word' id='word_1_30' title='bbox 365 898 478 964; x_wconf 87' lang='lat' dir='ltr'><strong>statim</strong></span> <span class='ocrx_word' id='word_1_31' title='bbox 511 919 622 966; x_wconf 89' lang='lat' dir='ltr'><strong>errore</strong></span> <span class='ocrx_word' id='word_1_32' title='bbox 656 900 806 983; x_wconf 87' lang='lat' dir='ltr'><strong>cogitari.</strong></span> <span class='ocrx_word' id='word_1_33' title='bbox 858 899 955 978; x_wconf 83' lang='lat' dir='ltr'><strong>Quod</strong></span> <span class='ocrx_word' id='word_1_34' title='bbox 987 921 1064 966; x_wconf 87' lang='lat' dir='ltr'><strong>vero</strong></span> <span class='ocrx_word' id='word_1_35' title='bbox 1098 905 1275 967; x_wconf 83' lang='lat' dir='ltr'><strong>Boeclcbr&#39;us</strong></span> <span class='ocrx_word' id='word_1_36' title='bbox 1309 899 1479 966; x_wconf 78' lang='lat' dir='ltr'><strong>demetr.</strong></span> 
     </span>
     <span class='ocr_line' id='line_1_6' title="bbox 364 1007 1479 1095; baseline -0.002 -21"><span class='ocrx_word' id='word_1_37' title='bbox 364 1008 458 1074; x_wconf 91' lang='lat' dir='ltr'><strong>Pind.</strong></span> <span class='ocrx_word' id='word_1_38' title='bbox 486 1031 519 1092; x_wconf 85' lang='lat' dir='ltr'><strong>p.</strong></span> <span class='ocrx_word' id='word_1_39' title='bbox 547 1012 604 1073; x_wconf 85' lang='grc'><strong>182</strong></span> <span class='ocrx_word' id='word_1_40' title='bbox 633 1030 663 1073; x_wconf 91' lang='lat' dir='ltr'><strong>n.</strong></span> <span class='ocrx_word' id='word_1_41' title='bbox 693 1012 731 1075; x_wconf 89' lang='lat'><strong>16</strong></span> <span class='ocrx_word' id='word_1_42' title='bbox 756 1009 930 1076; x_wconf 77' lang='lat' dir='ltr'><strong>Strabonis</strong></span> <span class='ocrx_word' id='word_1_43' title='bbox 952 1009 1163 1095; x_wconf 90' lang='lat' dir='ltr'><strong>Pollucisqne</strong></span> <span class='ocrx_word' id='word_1_44' title='bbox 1185 1019 1218 1077; x_wconf 89' lang='lat' dir='ltr'><strong>et</strong></span> <span class='ocrx_word' id='word_1_45' title='bbox 1241 1010 1332 1077; x_wconf 86' lang='lat' dir='ltr'><strong>tertii</strong></span> <span class='ocrx_word' id='word_1_46' title='bbox 1354 1007 1417 1074; x_wconf 91' lang='lat' dir='ltr'><strong>hac</strong></span> <span class='ocrx_word' id='word_1_47' title='bbox 1439 1007 1479 1072; x_wconf 88' lang='lat' dir='ltr'><strong>dc</strong></span> 
     </span>
     <span class='ocr_line' id='line_1_7' title="bbox 364 1117 1480 1206; baseline -0.003 -22"><span class='ocrx_word' id='word_1_48' title='bbox 364 1141 400 1184; x_wconf 88' lang='lat' dir='ltr'><strong>rc</strong></span> <span class='ocrx_word' id='word_1_49' title='bbox 429 1119 586 1200; x_wconf 88' lang='lat' dir='ltr'><strong>auctoris,</strong></span> <span class='ocrx_word' id='word_1_50' title='bbox 617 1118 817 1186; x_wconf 87' lang='lat' dir='ltr'><strong>scholiastae</strong></span> <span class='ocrx_word' id='word_1_51' title='bbox 848 1119 940 1184; x_wconf 93' lang='lat' dir='ltr'><strong>Pind.</strong></span> <span class='ocrx_word' id='word_1_52' title='bbox 969 1119 1062 1204; x_wconf 88' lang='lat' dir='ltr'><strong>Pyth.</strong></span> <span class='ocrx_word' id='word_1_53' title='bbox 1086 1142 1152 1204; x_wconf 86' lang='lat' dir='ltr'><strong>arg.</strong></span> <span class='ocrx_word' id='word_1_54' title='bbox 1175 1124 1216 1206; x_wconf 83' lang='lat' dir='ltr'><strong>(p.</strong></span> <span class='ocrx_word' id='word_1_55' title='bbox 1241 1127 1302 1188; x_wconf 83' lang='grc'><strong>297</strong></span> <span class='ocrx_word' id='word_1_56' title='bbox 1324 1117 1480 1202; x_wconf 80' lang='lat' dir='ltr'><strong>Boeclih.)</strong></span> 
     </span>
     <span class='ocr_line' id='line_1_8' title="bbox 364 1229 1479 1315; baseline 0 -22"><span class='ocrx_word' id='word_1_57' title='bbox 364 1230 607 1297; x_wconf 86' lang='lat' dir='ltr'><strong>dissensionem</strong></span> <span class='ocrx_word' id='word_1_58' title='bbox 629 1229 677 1295; x_wconf 90' lang='lat' dir='ltr'><strong>ita</strong></span> <span class='ocrx_word' id='word_1_59' title='bbox 700 1229 868 1295; x_wconf 90' lang='lat' dir='ltr'><strong>conciliari</strong></span> <span class='ocrx_word' id='word_1_60' title='bbox 879 1252 979 1315; x_wconf 88' lang='lat' dir='ltr'><strong>posse</strong></span> <span class='ocrx_word' id='word_1_61' title='bbox 1002 1238 1123 1306; x_wconf 87' lang='lat' dir='ltr'><strong>censet,</strong></span> <span class='ocrx_word' id='word_1_62' title='bbox 1146 1237 1185 1297; x_wconf 92' lang='lat' dir='ltr'><strong>ut</strong></span> <span class='ocrx_word' id='word_1_63' title='bbox 1208 1230 1248 1296; x_wconf 90' lang='lat' dir='ltr'><strong>de</strong></span> <span class='ocrx_word' id='word_1_64' title='bbox 1271 1231 1384 1297; x_wconf 88' lang='lat' dir='ltr'><strong>eodem</strong></span> <span class='ocrx_word' id='word_1_65' title='bbox 1408 1229 1479 1314; x_wconf 92' lang='lat' dir='ltr'><strong>qui-</strong></span> 
     </span>
     <span class='ocr_line' id='line_1_9' title="bbox 364 1338 1568 1427; baseline -0.004 -23"><span class='ocrx_word' id='word_1_66' title='bbox 364 1340 437 1406; x_wconf 90' lang='lat' dir='ltr'><strong>dem</strong></span> <span class='ocrx_word' id='word_1_67' title='bbox 461 1341 592 1406; x_wconf 87' lang='lat' dir='ltr'><strong>cantico</strong></span> <span class='ocrx_word' id='word_1_68' title='bbox 615 1361 728 1407; x_wconf 89' lang='lat' dir='ltr'><strong>omues</strong></span> <span class='ocrx_word' id='word_1_69' title='bbox 751 1338 851 1423; x_wconf 91' lang='lat' dir='ltr'><strong>loqui,</strong></span> <span class='ocrx_word' id='word_1_70' title='bbox 875 1341 932 1406; x_wconf 89' lang='lat' dir='ltr'><strong>sed</strong></span> <span class='ocrx_word' id='word_1_71' title='bbox 956 1363 995 1406; x_wconf 86' lang='lat' dir='ltr'><strong>cx</strong></span> <span class='ocrx_word' id='word_1_72' title='bbox 1018 1343 1223 1426; x_wconf 86' lang='lat' dir='ltr'><strong>singularum</strong></span> <span class='ocrx_word' id='word_1_73' title='bbox 1245 1341 1392 1427; x_wconf 88' lang='lat' dir='ltr'><strong>partium</strong></span> <span class='ocrx_word' id='word_1_74' title='bbox 1416 1338 1480 1404; x_wconf 91' lang='lat' dir='ltr'><strong>sin·</strong></span> <span class='ocrx_word' id='word_1_75' title='bbox 1558 1382 1568 1399; x_wconf 89' lang='lat'>.</span> 
     </span>
     <span class='ocr_line' id='line_1_10' title="bbox 363 1450 1479 1538; baseline -0.004 -21"><span class='ocrx_word' id='word_1_76' title='bbox 363 1451 452 1534; x_wconf 84' lang='lat' dir='ltr'><strong>gulis</strong></span> <span class='ocrx_word' id='word_1_77' title='bbox 475 1451 629 1516; x_wconf 87' lang='lat' dir='ltr'><strong>membris</strong></span> <span class='ocrx_word' id='word_1_78' title='bbox 652 1450 753 1516; x_wconf 88' lang='lat' dir='ltr'><strong>alium</strong></span> <span class='ocrx_word' id='word_1_79' title='bbox 776 1452 842 1517; x_wconf 85' lang='lat' dir='ltr'><strong>alia</strong></span> <span class='ocrx_word' id='word_1_80' title='bbox 865 1452 1026 1534; x_wconf 86' lang='lat' dir='ltr'><strong>delegisse</strong></span> <span class='ocrx_word' id='word_1_81' title='bbox 1047 1461 1214 1538; x_wconf 90' lang='lat' dir='ltr'><strong>putemus,</strong></span> <span class='ocrx_word' id='word_1_82' title='bbox 1240 1473 1279 1518; x_wconf 91' lang='lat' dir='ltr'><strong>ea</strong></span> <span class='ocrx_word' id='word_1_83' title='bbox 1299 1450 1334 1516; x_wconf 92' lang='lat' dir='ltr'><strong>in</strong></span> <span class='ocrx_word' id='word_1_84' title='bbox 1356 1471 1391 1514; x_wconf 87' lang='lat' dir='ltr'><strong>re</strong></span> <span class='ocrx_word' id='word_1_85' title='bbox 1414 1471 1479 1515; x_wconf 89' lang='lat' dir='ltr'><strong>non</strong></span> 
     </span>
     <span class='ocr_line' id='line_1_11' title="bbox 364 1560 1482 1647; baseline -0.003 -19"><span class='ocrx_word' id='word_1_86' title='bbox 364 1584 503 1647; x_wconf 88' lang='lat' dir='ltr'><strong>possum</strong></span> <span class='ocrx_word' id='word_1_87' title='bbox 526 1562 605 1646; x_wconf 91' lang='lat' dir='ltr'><strong>quin</strong></span> <span class='ocrx_word' id='word_1_88' title='bbox 629 1582 649 1625; x_wconf 90' lang='lat' dir='ltr'><strong>a</strong></span> <span class='ocrx_word' id='word_1_89' title='bbox 672 1583 799 1629; x_wconf 91' lang='lat' dir='ltr'><strong>summo</strong></span> <span class='ocrx_word' id='word_1_90' title='bbox 823 1563 893 1628; x_wconf 89' lang='lat' dir='ltr'><strong>viro</strong></span> <span class='ocrx_word' id='word_1_91' title='bbox 917 1563 1121 1630; x_wconf 85' lang='lat' dir='ltr'><strong>dissentiam.</strong></span> <span class='ocrx_word' id='word_1_92' title='bbox 1165 1561 1366 1629; x_wconf 84' lang='lat' dir='ltr'><strong>Accuratius</strong></span> <span class='ocrx_word' id='word_1_93' title='bbox 1397 1560 1482 1625; x_wconf 87' lang='lat' dir='ltr'><strong>enim</strong></span> 
     </span>
     <span class='ocr_line' id='line_1_12' title="bbox 365 1670 1479 1758; baseline -0.002 -20"><span class='ocrx_word' id='word_1_94' title='bbox 365 1672 392 1738; x_wconf 90' lang='lat' dir='ltr'><strong>si</strong></span> <span class='ocrx_word' id='word_1_95' title='bbox 422 1693 490 1737; x_wconf 89' lang='lat' dir='ltr'><strong>rem</strong></span> <span class='ocrx_word' id='word_1_96' title='bbox 525 1670 760 1751; x_wconf 87' lang='lat' dir='ltr'><strong>considerabis,</strong></span> <span class='ocrx_word' id='word_1_97' title='bbox 794 1695 859 1739; x_wconf 90' lang='lat' dir='ltr'><strong>non</strong></span> <span class='ocrx_word' id='word_1_98' title='bbox 893 1696 994 1758; x_wconf 87' lang='lat' dir='ltr'><strong>posse</strong></span> <span class='ocrx_word' id='word_1_99' title='bbox 1028 1675 1096 1742; x_wconf 92' lang='lat' dir='ltr'><strong>ullo</strong></span> <span class='ocrx_word' id='word_1_100' title='bbox 1130 1673 1271 1740; x_wconf 90' lang='lat' dir='ltr'><strong>artificio</strong></span> <span class='ocrx_word' id='word_1_101' title='bbox 1306 1671 1479 1738; x_wconf 85' lang='lat' dir='ltr'><strong>Strabonis</strong></span> 
     </span>
     <span class='ocr_line' id='line_1_13' title="bbox 363 1781 1481 1866; baseline -0.003 -17"><span class='ocrx_word' id='word_1_102' title='bbox 363 1783 576 1865; x_wconf 85' lang='lat' dir='ltr'><strong>Pollucisqne</strong></span> <span class='ocrx_word' id='word_1_103' title='bbox 600 1781 722 1847; x_wconf 89' lang='lat' dir='ltr'><strong>sociari</strong></span> <span class='ocrx_word' id='word_1_104' title='bbox 743 1784 1008 1850; x_wconf 89' lang='lat' dir='ltr'><strong>enumerationes</strong></span> <span class='ocrx_word' id='word_1_105' title='bbox 1039 1784 1207 1850; x_wconf 90' lang='lat' dir='ltr'><strong>concedes.</strong></span> <span class='ocrx_word' id='word_1_106' title='bbox 1251 1781 1386 1864; x_wconf 84' lang='lat' dir='ltr'><strong>Singula</strong></span> <span class='ocrx_word' id='word_1_107' title='bbox 1406 1803 1481 1866; x_wconf 89' lang='lat' dir='ltr'><strong>per-</strong></span> 
     </span>
     <span class='ocr_line' id='line_1_14' title="bbox 365 1887 1478 1978; baseline 0 -19"><span class='ocrx_word' id='word_1_108' title='bbox 365 1895 528 1975; x_wconf 87' lang='lat' dir='ltr'><strong>stringere</strong></span> <span class='ocrx_word' id='word_1_109' title='bbox 543 1913 608 1958; x_wconf 91' lang='lat' dir='ltr'><strong>nen</strong></span> <span class='ocrx_word' id='word_1_110' title='bbox 620 1890 717 1956; x_wconf 92' lang='lat' dir='ltr'><strong>huius</strong></span> <span class='ocrx_word' id='word_1_111' title='bbox 735 1893 797 1958; x_wconf 92' lang='lat' dir='ltr'><strong>loci</strong></span> <span class='ocrx_word' id='word_1_112' title='bbox 821 1900 890 1970; x_wconf 89' lang='lat' dir='ltr'><strong>est;</strong></span> <span class='ocrx_word' id='word_1_113' title='bbox 914 1895 972 1960; x_wconf 91' lang='lat' dir='ltr'><strong>scd</strong></span> <span class='ocrx_word' id='word_1_114' title='bbox 987 1900 1102 1961; x_wconf 84' lang='lat' dir='ltr'><strong>tantae</strong></span> <span class='ocrx_word' id='word_1_115' title='bbox 1119 1901 1198 1961; x_wconf 89' lang='lat' dir='ltr'><strong>sunt</strong></span> <span class='ocrx_word' id='word_1_116' title='bbox 1213 1901 1347 1978; x_wconf 90' lang='lat' dir='ltr'><strong>tamque</strong></span> <span class='ocrx_word' id='word_1_117' title='bbox 1361 1887 1478 1977; x_wconf 83' lang='lat' dir='ltr'><strong>g&#39;raves</strong></span> 
     </span>
     <span class='ocr_line' id='line_1_15' title="bbox 365 1999 1480 2088; baseline -0.001 -20"><span class='ocrx_word' id='word_1_118' title='bbox 365 2023 450 2088; x_wconf 87' lang='lat' dir='ltr'><strong>quae</strong></span> <span class='ocrx_word' id='word_1_119' title='bbox 473 2003 560 2066; x_wconf 89' lang='lat' dir='ltr'><strong>inter</strong></span> <span class='ocrx_word' id='word_1_120' title='bbox 582 2000 657 2066; x_wconf 91' lang='lat' dir='ltr'><strong>illos</strong></span> <span class='ocrx_word' id='word_1_121' title='bbox 672 1999 883 2068; x_wconf 87' lang='lat' dir='ltr'><strong>intercedunt</strong></span> <span class='ocrx_word' id='word_1_122' title='bbox 906 2005 1127 2084; x_wconf 69' lang='lat' dir='ltr'><strong>diversitates</strong></span> <span class='ocrx_word' id='word_1_123' title='bbox 1150 2009 1189 2068; x_wconf 94' lang='lat' dir='ltr'><strong>ut</strong></span> <span class='ocrx_word' id='word_1_124' title='bbox 1203 2009 1372 2086; x_wconf 88' lang='lat' dir='ltr'><strong>nequeant</strong></span> <span class='ocrx_word' id='word_1_125' title='bbox 1394 2004 1480 2070; x_wconf 89' lang='lat' dir='ltr'><strong>bona</strong></span> 
     </span>
     <span class='ocr_line' id='line_1_16' title="bbox 364 2111 1479 2198; baseline -0.001 -20"><span class='ocrx_word' id='word_1_126' title='bbox 364 2112 569 2196; x_wconf 88' lang='lat' dir='ltr'><strong>cumgratia</strong></span> <span class='ocrx_word' id='word_1_127' title='bbox 592 2111 753 2195; x_wconf 91' lang='lat' dir='ltr'><strong>componi.</strong></span> <span class='ocrx_word' id='word_1_128' title='bbox 787 2119 921 2179; x_wconf 83' lang='lat' dir='ltr'><strong>Errasse</strong></span> <span class='ocrx_word' id='word_1_129' title='bbox 943 2122 1053 2181; x_wconf 87' lang='lat' dir='ltr'><strong>tamen</strong></span> <span class='ocrx_word' id='word_1_130' title='bbox 1076 2115 1215 2180; x_wconf 86' lang='lat' dir='ltr'><strong>alterum</strong></span> <span class='ocrx_word' id='word_1_131' title='bbox 1237 2119 1352 2180; x_wconf 90' lang='lat' dir='ltr'><strong>utrum</strong></span> <span class='ocrx_word' id='word_1_132' title='bbox 1375 2116 1479 2198; x_wconf 89' lang='lat' dir='ltr'><strong>scrip-</strong></span> 
     </span>
     <span class='ocr_line' id='line_1_17' title="bbox 362 2221 1480 2307; baseline 0.002 -19"><span class='ocrx_word' id='word_1_133' title='bbox 362 2232 467 2291; x_wconf 90' lang='lat' dir='ltr'><strong>torem</strong></span> <span class='ocrx_word' id='word_1_134' title='bbox 490 2243 586 2304; x_wconf 84' lang='lat' dir='ltr'><strong>eegre</strong></span> <span class='ocrx_word' id='word_1_135' title='bbox 609 2222 803 2305; x_wconf 83' lang='lat' dir='ltr'><strong>concedam3</strong></span> <span class='ocrx_word' id='word_1_136' title='bbox 826 2231 961 2307; x_wconf 88' lang='lat' dir='ltr'><strong>praesto</strong></span> <span class='ocrx_word' id='word_1_137' title='bbox 985 2226 1068 2290; x_wconf 88' lang='lat' dir='ltr'><strong>enim</strong></span> <span class='ocrx_word' id='word_1_138' title='bbox 1092 2230 1144 2290; x_wconf 86' lang='lat' dir='ltr'><strong>est</strong></span> <span class='ocrx_word' id='word_1_139' title='bbox 1158 2223 1223 2288; x_wconf 88' lang='lat' dir='ltr'><strong>alia</strong></span> <span class='ocrx_word' id='word_1_140' title='bbox 1239 2221 1321 2294; x_wconf 78' lang='grc' dir='ltr'>λύσις</span> <span class='ocrx_word' id='word_1_141' title='bbox 1338 2245 1480 2290; x_wconf 91' lang='lat' dir='ltr'><strong>commo-</strong></span> 
     </span>
     <span class='ocr_line' id='line_1_18' title="bbox 363 2333 1478 2419; baseline 0.004 -23"><span class='ocrx_word' id='word_1_142' title='bbox 363 2333 508 2398; x_wconf 86' lang='lat' dir='ltr'><strong>dissima.</strong></span> <span class='ocrx_word' id='word_1_143' title='bbox 525 2333 650 2417; x_wconf 86' lang='lat' dir='ltr'><strong>Nempe</strong></span> <span class='ocrx_word' id='word_1_144' title='bbox 667 2333 924 2399; x_wconf 87' lang='lat' dir='ltr'><strong>diversissimam</strong></span> <span class='ocrx_word' id='word_1_145' title='bbox 940 2341 1079 2419; x_wconf 89' lang='lat' dir='ltr'><strong>uterque</strong></span> <span class='ocrx_word' id='word_1_146' title='bbox 1095 2340 1239 2400; x_wconf 90' lang='lat' dir='ltr'><strong>aetatem</strong></span> <span class='ocrx_word' id='word_1_147' title='bbox 1248 2333 1478 2418; x_wconf 74' lang='lat' dir='ltr'><strong>diversamque</strong></span> 
     </span>
     <span class='ocr_line' id='line_1_19' title="bbox 364 2443 1479 2528; baseline 0 -18"><span class='ocrx_word' id='word_1_148' title='bbox 364 2445 470 2510; x_wconf 90' lang='lat' dir='ltr'><strong>totius</strong></span> <span class='ocrx_word' id='word_1_149' title='bbox 494 2443 581 2508; x_wconf 89' lang='lat' dir='ltr'><strong>nomi</strong></span> <span class='ocrx_word' id='word_1_150' title='bbox 604 2443 849 2511; x_wconf 84' lang='lat' dir='ltr'><strong>institutionem</strong></span> <span class='ocrx_word' id='word_1_151' title='bbox 864 2445 1009 2528; x_wconf 79' lang='lat' dir='ltr'><strong>respicit.</strong></span> <span class='ocrx_word' id='word_1_152' title='bbox 1045 2447 1194 2513; x_wconf 91' lang='lat' dir='ltr'><strong>Priscum</strong></span> <span class='ocrx_word' id='word_1_153' title='bbox 1216 2446 1309 2524; x_wconf 90' lang='lat' dir='ltr'><strong>illum</strong></span> <span class='ocrx_word' id='word_1_154' title='bbox 1332 2452 1479 2510; x_wconf 82' lang='lat' dir='ltr'><strong>Socrdoe</strong></span> 
     </span>
     <span class='ocr_line' id='line_1_20' title="bbox 361 2555 1475 2642; baseline 0 -24"><span class='ocrx_word' id='word_1_155' title='bbox 361 2577 493 2621; x_wconf 90' lang='lat' dir='ltr'><strong>nemum</strong></span> <span class='ocrx_word' id='word_1_156' title='bbox 516 2576 604 2619; x_wconf 87' lang='lat' dir='ltr'><strong>merc</strong></span> <span class='ocrx_word' id='word_1_157' title='bbox 626 2561 793 2621; x_wconf 79' lang='lat' dir='ltr'><strong>boleticum</strong></span> <span class='ocrx_word' id='word_1_158' title='bbox 818 2555 976 2622; x_wconf 86' lang='lat' dir='ltr'><strong>describit</strong></span> <span class='ocrx_word' id='word_1_159' title='bbox 1003 2557 1130 2638; x_wconf 85' lang='lat' dir='ltr'><strong>Pollux,</strong></span> <span class='ocrx_word' id='word_1_160' title='bbox 1155 2557 1277 2642; x_wconf 86' lang='lat' dir='ltr'><strong>quippe</strong></span> <span class='ocrx_word' id='word_1_161' title='bbox 1299 2555 1355 2639; x_wconf 89' lang='lat' dir='ltr'><strong>qui</strong></span> <span class='ocrx_word' id='word_1_162' title='bbox 1387 2555 1475 2620; x_wconf 90' lang='lat' dir='ltr'><strong>hunc</strong></span> 
     </span>
     <span class='ocr_line' id='line_1_21' title="bbox 361 2663 1478 2750; baseline -0.002 -20"><span class='ocrx_word' id='word_1_163' title='bbox 361 2686 463 2730; x_wconf 90' lang='lat' dir='ltr'><strong>unum</strong></span> <span class='ocrx_word' id='word_1_164' title='bbox 487 2663 549 2730; x_wconf 86' lang='lat' dir='ltr'><strong>sibi</strong></span> <span class='ocrx_word' id='word_1_165' title='bbox 582 2670 697 2730; x_wconf 92' lang='lat' dir='ltr'><strong>notum</strong></span> <span class='ocrx_word' id='word_1_166' title='bbox 731 2687 804 2731; x_wconf 89' lang='lat' dir='ltr'><strong>esse</strong></span> <span class='ocrx_word' id='word_1_167' title='bbox 842 2667 923 2750; x_wconf 79' lang='lat'><strong>§78</strong></span> <span class='ocrx_word' id='word_1_168' title='bbox 961 2667 1211 2748; x_wconf 86' lang='lat' dir='ltr'><strong>significaverit:</strong></span> <span class='ocrx_word' id='word_1_169' title='bbox 1241 2667 1315 2729; x_wconf 81' lang='grc' dir='ltr'><strong>ὁδὲ</strong></span> <span class='ocrx_word' id='word_1_170' title='bbox 1350 2663 1478 2728; x_wconf 79' lang='grc' dir='ltr'>Σακάδα</span> 
     </span>
     <span class='ocr_line' id='line_1_22' title="bbox 363 2772 1478 2864; baseline -0.001 -25"><span class='ocrx_word' id='word_1_171' title='bbox 363 2778 452 2859; x_wconf 83' lang='grc' dir='ltr'>νόμος</span> <span class='ocrx_word' id='word_1_172' title='bbox 463 2772 614 2845; x_wconf 80' lang='grc' dir='ltr'>Πυθικός.</span> <span class='ocrx_word' id='word_1_173' title='bbox 636 2775 761 2840; x_wconf 79' lang='lat' dir='ltr'><strong>Contra</strong></span> <span class='ocrx_word' id='word_1_174' title='bbox 777 2775 897 2842; x_wconf 87' lang='lat' dir='ltr'><strong>Strabo</strong></span> <span class='ocrx_word' id='word_1_175' title='bbox 912 2777 1073 2843; x_wconf 86' lang='lat' dir='ltr'><strong>novellam</strong></span> <span class='ocrx_word' id='word_1_176' title='bbox 1088 2777 1257 2864; x_wconf 90' lang='lat' dir='ltr'><strong>quandam</strong></span> <span class='ocrx_word' id='word_1_177' title='bbox 1273 2781 1478 2855; x_wconf 76' lang='lat' dir='ltr'><strong>limostbem&#39;s,</strong></span> 
     </span>
     <span class='ocr_line' id='line_1_23' title="bbox 360 2884 1475 2969; baseline 0.002 -20"><span class='ocrx_word' id='word_1_178' title='bbox 360 2885 539 2961; x_wconf 79' lang='lat' dir='ltr'><strong>Ptolemaei</strong></span> <span class='ocrx_word' id='word_1_179' title='bbox 577 2886 608 2950; x_wconf 92' lang='grc' dir='ltr'><strong>ΙΙ</strong></span> <span class='ocrx_word' id='word_1_180' title='bbox 645 2884 845 2969; x_wconf 83' lang='lat' dir='ltr'><strong>nauarchos,</strong></span> <span class='ocrx_word' id='word_1_181' title='bbox 877 2887 997 2954; x_wconf 88' lang='lat' dir='ltr'><strong>veteris</strong></span> <span class='ocrx_word' id='word_1_182' title='bbox 1031 2888 1119 2954; x_wconf 90' lang='lat' dir='ltr'><strong>nomi</strong></span> <span class='ocrx_word' id='word_1_183' title='bbox 1149 2886 1475 2954; x_wconf 87' lang='lat' dir='ltr'><strong>transformationem</strong></span> 
     </span>
     <span class='ocr_line' id='line_1_24' title="bbox 363 2995 1478 3079; baseline 0 -18"><span class='ocrx_word' id='word_1_184' title='bbox 363 3017 398 3061; x_wconf 86' lang='lat' dir='ltr'><strong>sc</strong></span> <span class='ocrx_word' id='word_1_185' title='bbox 431 3017 588 3060; x_wconf 87' lang='lat' dir='ltr'><strong>enarrare</strong></span> <span class='ocrx_word' id='word_1_186' title='bbox 617 2997 688 3079; x_wconf 89' lang='lat' dir='ltr'><strong>ipse</strong></span> <span class='ocrx_word' id='word_1_187' title='bbox 718 3001 832 3078; x_wconf 85' lang='lat' dir='ltr'><strong>aperte</strong></span> <span class='ocrx_word' id='word_1_188' title='bbox 858 2996 993 3063; x_wconf 89' lang='lat' dir='ltr'><strong>indicat.</strong></span> <span class='ocrx_word' id='word_1_189' title='bbox 1035 2996 1264 3064; x_wconf 88' lang='lat' dir='ltr'><strong>Timosthenes</strong></span> <span class='ocrx_word' id='word_1_190' title='bbox 1284 3004 1396 3063; x_wconf 87' lang='lat' dir='ltr'><strong>autem</strong></span> <span class='ocrx_word' id='word_1_191' title='bbox 1424 2995 1478 3061; x_wconf 86' lang='lat' dir='ltr'><strong>ille</strong></span> 
     </span>
     <span class='ocr_line' id='line_1_25' title="bbox 350 3089 1476 3193; baseline 0.002 -25"><span class='ocrx_word' id='word_1_192' title='bbox 350 3089 393 3170; x_wconf 83' lang='lat' dir='ltr'><strong>&#39;id</strong></span> <span class='ocrx_word' id='word_1_193' title='bbox 416 3107 627 3190; x_wconf 89' lang='lat' dir='ltr'><strong>potissimum</strong></span> <span class='ocrx_word' id='word_1_194' title='bbox 650 3126 791 3172; x_wconf 85' lang='lat' dir='ltr'><strong>novasse</strong></span> <span class='ocrx_word' id='word_1_195' title='bbox 807 3107 946 3190; x_wconf 89' lang='lat' dir='ltr'><strong>videtur,</strong></span> <span class='ocrx_word' id='word_1_196' title='bbox 970 3109 1058 3193; x_wconf 85' lang='lat' dir='ltr'><strong>quod</strong></span> <span class='ocrx_word' id='word_1_197' title='bbox 1084 3131 1162 3176; x_wconf 86' lang='lat' dir='ltr'><strong>asso</strong></span> <span class='ocrx_word' id='word_1_198' title='bbox 1185 3107 1340 3175; x_wconf 87' lang='lat' dir='ltr'><strong>tibiarum</strong></span> <span class='ocrx_word' id='word_1_199' title='bbox 1364 3105 1476 3172; x_wconf 91' lang='lat' dir='ltr'><strong>cantui</strong></span> 
     </span>
     <span class='ocr_line' id='line_1_26' title="bbox 360 3214 1475 3302; baseline 0.005 -23"><span class='ocrx_word' id='word_1_200' title='bbox 360 3214 507 3282; x_wconf 86' lang='lat' dir='ltr'><strong>citharas</strong></span> <span class='ocrx_word' id='word_1_201' title='bbox 537 3215 664 3300; x_wconf 90' lang='lat' dir='ltr'><strong>primus</strong></span> <span class='ocrx_word' id='word_1_202' title='bbox 700 3216 888 3284; x_wconf 89' lang='lat' dir='ltr'><strong>admiscuit.</strong></span> <span class='ocrx_word' id='word_1_203' title='bbox 932 3220 1016 3284; x_wconf 87' lang='lat' dir='ltr'><strong>Nam</strong></span> <span class='ocrx_word' id='word_1_204' title='bbox 1046 3220 1194 3287; x_wconf 83' lang='lat' dir='ltr'><strong>Sacadee</strong></span> <span class='ocrx_word' id='word_1_205' title='bbox 1224 3217 1358 3302; x_wconf 91' lang='lat' dir='ltr'><strong>quidem</strong></span> <span class='ocrx_word' id='word_1_206' title='bbox 1387 3219 1475 3298; x_wconf 79' lang='grc' dir='ltr'>νόμος</span> 
     </span>
     <span class='ocr_line' id='line_1_27' title="bbox 361 3321 1475 3412; baseline 0.001 -24"><span class='ocrx_word' id='word_1_207' title='bbox 361 3321 501 3396; x_wconf 83' lang='grc' dir='ltr'>Πυθικός</span> <span class='ocrx_word' id='word_1_208' title='bbox 525 3325 604 3408; x_wconf 91' lang='lat' dir='ltr'><strong>quin</strong></span> <span class='ocrx_word' id='word_1_209' title='bbox 626 3346 714 3390; x_wconf 89' lang='lat' dir='ltr'><strong>mere</strong></span> <span class='ocrx_word' id='word_1_210' title='bbox 737 3325 900 3393; x_wconf 87' lang='lat' dir='ltr'><strong>auleticus</strong></span> <span class='ocrx_word' id='word_1_211' title='bbox 923 3329 1024 3394; x_wconf 87' lang='lat' dir='ltr'><strong>fuerit</strong></span> <span class='ocrx_word' id='word_1_212' title='bbox 1041 3329 1155 3412; x_wconf 88' lang='lat' dir='ltr'><strong>nequit</strong></span> <span class='ocrx_word' id='word_1_213' title='bbox 1170 3327 1316 3394; x_wconf 89' lang='lat' dir='ltr'><strong>dubitari</strong></span> <span class='ocrx_word' id='word_1_214' title='bbox 1338 3335 1475 3411; x_wconf 89' lang='lat' dir='ltr'><strong>propter</strong></span> 
     </span>
     <span class='ocr_line' id='line_1_28' title="bbox 358 3436 1468 3525; baseline 0 -24"><span class='ocrx_word' id='word_1_215' title='bbox 358 3439 533 3520; x_wconf 89' lang='lat' dir='ltr'><strong>conjuncta</strong></span> <span class='ocrx_word' id='word_1_216' title='bbox 548 3437 692 3502; x_wconf 88' lang='lat' dir='ltr'><strong>Pollucis</strong></span> <span class='ocrx_word' id='word_1_217' title='bbox 709 3436 767 3525; x_wconf 87' lang='lat' dir='ltr'><strong>(IV</strong></span> <span class='ocrx_word' id='word_1_218' title='bbox 791 3441 846 3516; x_wconf 83' lang='grc'><strong>78)</strong></span> <span class='ocrx_word' id='word_1_219' title='bbox 871 3445 904 3502; x_wconf 91' lang='lat' dir='ltr'><strong>et</strong></span> <span class='ocrx_word' id='word_1_220' title='bbox 924 3439 1110 3505; x_wconf 88' lang='lat' dir='ltr'><strong>Pausaniae</strong></span> <span class='ocrx_word' id='word_1_221' title='bbox 1125 3439 1167 3524; x_wconf 89' lang='lat' dir='ltr'><strong>(V</strong></span> <span class='ocrx_word' id='word_1_222' title='bbox 1191 3443 1218 3516; x_wconf 88' lang='lat'><strong>7,</strong></span> <span class='ocrx_word' id='word_1_223' title='bbox 1244 3443 1292 3502; x_wconf 88' lang='grc'><strong>10.</strong></span> <span class='ocrx_word' id='word_1_224' title='bbox 1314 3437 1347 3502; x_wconf 91' lang='lat' dir='ltr'><strong>lI</strong></span> <span class='ocrx_word' id='word_1_225' title='bbox 1369 3442 1418 3514; x_wconf 84' lang='lat'><strong>22,</strong></span> <span class='ocrx_word' id='word_1_226' title='bbox 1440 3443 1468 3502; x_wconf 89' lang='lat'><strong>8.</strong></span> 
     </span>
     <span class='ocr_line' id='line_1_29' title="bbox 359 3544 1472 3632; baseline -0.002 -20"><span class='ocrx_word' id='word_1_227' title='bbox 359 3553 388 3615; x_wconf 87' lang='lat'><strong>9.</strong></span> <span class='ocrx_word' id='word_1_228' title='bbox 412 3554 445 3613; x_wconf 92' lang='lat' dir='ltr'><strong>et</strong></span> <span class='ocrx_word' id='word_1_229' title='bbox 466 3546 644 3631; x_wconf 86' lang='lat' dir='ltr'><strong>praecipue</strong></span> <span class='ocrx_word' id='word_1_230' title='bbox 666 3546 695 3613; x_wconf 87' lang='lat' dir='ltr'>X</span> <span class='ocrx_word' id='word_1_231' title='bbox 718 3553 746 3628; x_wconf 81' lang='lat'><strong>7,</strong></span> <span class='ocrx_word' id='word_1_232' title='bbox 775 3555 804 3612; x_wconf 86' lang='grc'><strong>4.</strong></span> <span class='ocrx_word' id='word_1_233' title='bbox 827 3546 873 3612; x_wconf 80' lang='lat' dir='ltr'><strong>bf.</strong></span> <span class='ocrx_word' id='word_1_234' title='bbox 901 3549 1001 3614; x_wconf 88' lang='lat' dir='ltr'><strong>etiam</strong></span> <span class='ocrx_word' id='word_1_235' title='bbox 1023 3549 1067 3615; x_wconf 90' lang='lat' dir='ltr'><strong>IV</strong></span> <span class='ocrx_word' id='word_1_236' title='bbox 1096 3554 1145 3631; x_wconf 81' lang='grc'><strong>27,</strong></span> <span class='ocrx_word' id='word_1_237' title='bbox 1176 3550 1217 3632; x_wconf 83' lang='lat'><strong>7.)</strong></span> <span class='ocrx_word' id='word_1_238' title='bbox 1244 3544 1441 3612; x_wconf 87' lang='lat' dir='ltr'><strong>testimonia.</strong></span> <span class='ocrx_word' id='word_1_239' title='bbox 1450 3544 1472 3631; x_wconf 93' lang='lat'><strong>¹)</strong></span> 
     </span>
     <span class='ocr_line' id='line_1_30' title="bbox 361 3655 1476 3743; baseline -0.003 -21"><span class='ocrx_word' id='word_1_240' title='bbox 361 3657 566 3724; x_wconf 87' lang='lat' dir='ltr'><strong>Scholiastae</strong></span> <span class='ocrx_word' id='word_1_241' title='bbox 589 3658 730 3742; x_wconf 89' lang='lat' dir='ltr'><strong>denique</strong></span> <span class='ocrx_word' id='word_1_242' title='bbox 752 3659 842 3724; x_wconf 88' lang='lat' dir='ltr'><strong>illius</strong></span> <span class='ocrx_word' id='word_1_243' title='bbox 865 3658 1091 3726; x_wconf 89' lang='lat' dir='ltr'><strong>testimonium</strong></span> <span class='ocrx_word' id='word_1_244' title='bbox 1113 3681 1253 3743; x_wconf 86' lang='lat' dir='ltr'><strong>prorsus</strong></span> <span class='ocrx_word' id='word_1_245' title='bbox 1276 3655 1353 3722; x_wconf 92' lang='lat' dir='ltr'><strong>hinc</strong></span> <span class='ocrx_word' id='word_1_246' title='bbox 1371 3655 1476 3722; x_wconf 87' lang='lat' dir='ltr'><strong>absti-</strong></span> 
     </span>
     <span class='ocr_line' id='line_1_31' title="bbox 359 3765 1474 3852; baseline 0.001 -21"><span class='ocrx_word' id='word_1_247' title='bbox 359 3765 501 3833; x_wconf 91' lang='lat' dir='ltr'><strong>nendum</strong></span> <span class='ocrx_word' id='word_1_248' title='bbox 530 3775 598 3844; x_wconf 88' lang='lat' dir='ltr'><strong>est,</strong></span> <span class='ocrx_word' id='word_1_249' title='bbox 629 3767 751 3851; x_wconf 89' lang='lat' dir='ltr'><strong>quippe</strong></span> <span class='ocrx_word' id='word_1_250' title='bbox 783 3768 839 3851; x_wconf 90' lang='lat' dir='ltr'><strong>qui</strong></span> <span class='ocrx_word' id='word_1_251' title='bbox 873 3769 982 3835; x_wconf 88' lang='lat' dir='ltr'><strong>omnia</strong></span> <span class='ocrx_word' id='word_1_252' title='bbox 1004 3771 1118 3835; x_wconf 87' lang='lat' dir='ltr'><strong>turbet</strong></span> <span class='ocrx_word' id='word_1_253' title='bbox 1141 3775 1174 3834; x_wconf 88' lang='lat' dir='ltr'><strong>et</strong></span> <span class='ocrx_word' id='word_1_254' title='bbox 1196 3790 1235 3834; x_wconf 90' lang='lat' dir='ltr'><strong>ea</strong></span> <span class='ocrx_word' id='word_1_255' title='bbox 1262 3768 1474 3852; x_wconf 90' lang='lat' dir='ltr'><strong>potissimum</strong></span> 
     </span>
     <span class='ocr_line' id='line_1_32' title="bbox 359 3877 1474 3962; baseline 0.003 -22"><span class='ocrx_word' id='word_1_256' title='bbox 359 3878 392 3940; x_wconf 94' lang='lat' dir='ltr'><strong>in</strong></span> <span class='ocrx_word' id='word_1_257' title='bbox 415 3898 451 3941; x_wconf 88' lang='lat' dir='ltr'><strong>re</strong></span> <span class='ocrx_word' id='word_1_258' title='bbox 473 3878 617 3958; x_wconf 86' lang='lat' dir='ltr'><strong>graviter</strong></span> <span class='ocrx_word' id='word_1_259' title='bbox 637 3877 753 3959; x_wconf 89' lang='lat' dir='ltr'><strong>lapsus</strong></span> <span class='ocrx_word' id='word_1_260' title='bbox 770 3879 822 3960; x_wconf 88' lang='lat' dir='ltr'><strong>sit,</strong></span> <span class='ocrx_word' id='word_1_261' title='bbox 846 3877 935 3961; x_wconf 90' lang='lat' dir='ltr'><strong>quod</strong></span> <span class='ocrx_word' id='word_1_262' title='bbox 959 3900 1032 3944; x_wconf 87' lang='lat' dir='ltr'><strong>eum</strong></span> <span class='ocrx_word' id='word_1_263' title='bbox 1049 3901 1145 3962; x_wconf 84' lang='lat' dir='ltr'><strong>quem</strong></span> <span class='ocrx_word' id='word_1_264' title='bbox 1168 3878 1327 3944; x_wconf 88' lang='lat' dir='ltr'><strong>describit</strong></span> <span class='ocrx_word' id='word_1_265' title='bbox 1341 3900 1474 3944; x_wconf 89' lang='lat' dir='ltr'><strong>nemum</strong></span> 
     </span>
     <span class='ocr_line' id='line_1_33' title="bbox 358 3973 1473 4073; baseline 0.001 -21"><span class='ocrx_word' id='word_1_266' title='bbox 358 3986 529 4071; x_wconf 91' lang='lat' dir='ltr'><strong>Pythicum</strong></span> <span class='ocrx_word' id='word_1_267' title='bbox 552 3991 627 4050; x_wconf 91' lang='lat' dir='ltr'><strong>ante</strong></span> <span class='ocrx_word' id='word_1_268' title='bbox 647 3986 767 4051; x_wconf 92' lang='lat' dir='ltr'><strong>bellum</strong></span> <span class='ocrx_word' id='word_1_269' title='bbox 783 3973 973 4054; x_wconf 83' lang='lat' dir='ltr'><strong>Cirrhacum</strong></span> <span class='ocrx_word' id='word_1_270' title='bbox 995 3990 1139 4073; x_wconf 88' lang='lat' dir='ltr'><strong>viguisse</strong></span> <span class='ocrx_word' id='word_1_271' title='bbox 1155 3995 1279 4054; x_wconf 86' lang='lat' dir='ltr'><strong>narrat.</strong></span> <span class='ocrx_word' id='word_1_272' title='bbox 1308 3989 1473 4055; x_wconf 86' lang='lat' dir='ltr'><strong>Pollucem</strong></span> 
     </span>
    </p>
   </div>
   <div class='ocr_carea' id='block_1_3' title="bbox 357 4163 1473 4324">
    <p class='ocr_par' dir='ltr' id='par_1_3' title="bbox 357 4163 1473 4324">
     <span class='ocr_line' id='line_1_34' title="bbox 357 4163 1473 4240; baseline 0 -18"><span class='ocrx_word' id='word_1_273' title='bbox 357 4167 484 4222; x_wconf 89' lang='lat' dir='ltr'><strong>Photinm</strong></span> <span class='ocrx_word' id='word_1_274' title='bbox 503 4167 517 4219; x_wconf 93' lang='lat' dir='ltr'>I</span> <span class='ocrx_word' id='word_1_275' title='bbox 535 4169 593 4220; x_wconf 74' lang='lat' dir='ltr'><strong>lli.</strong></span> <span class='ocrx_word' id='word_1_276' title='bbox 605 4163 645 4220; x_wconf 84' lang='lat' dir='ltr'><strong>Cf.</strong></span> <span class='ocrx_word' id='word_1_277' title='bbox 663 4170 804 4235; x_wconf 86' lang='lat' dir='ltr'><strong>praeterea</strong></span> <span class='ocrx_word' id='word_1_278' title='bbox 818 4166 935 4236; x_wconf 86' lang='lat' dir='ltr'><strong>Hesych.</strong></span> <span class='ocrx_word' id='word_1_279' title='bbox 949 4184 971 4219; x_wconf 87' lang='lat' dir='ltr'><strong>s.</strong></span> <span class='ocrx_word' id='word_1_280' title='bbox 984 4166 1156 4239; x_wconf 82' lang='grc' dir='ltr'><strong>νιγλαρεὺων.</strong></span> <span class='ocrx_word' id='word_1_281' title='bbox 1170 4168 1250 4222; x_wconf 91' lang='lat' dir='ltr'><strong>Phot.</strong></span> <span class='ocrx_word' id='word_1_282' title='bbox 1269 4185 1290 4223; x_wconf 91' lang='lat' dir='ltr'><strong>s.</strong></span> <span class='ocrx_word' id='word_1_283' title='bbox 1303 4168 1473 4240; x_wconf 78' lang='grc' dir='ltr'>νιγλαρεύων.</span> 
     </span>
     <span class='ocr_line' id='line_1_35' title="bbox 359 4252 491 4324; baseline 0 -20"><span class='ocrx_word' id='word_1_284' title='bbox 359 4252 491 4324; x_wconf 53' lang='lat' dir='ltr'><strong>scelestos.</strong></span> 
     </span>
    </p>
   </div>
   <div class='ocr_carea' id='block_1_4' title="bbox 427 4334 1472 4411">
    <p class='ocr_par' dir='ltr' id='par_1_4' title="bbox 427 4334 1472 4411">
     <span class='ocr_line' id='line_1_36' title="bbox 427 4334 1472 4411; baseline 0.003 -21"><span class='ocrx_word' id='word_1_285' title='bbox 427 4339 451 4402; x_wconf 87' lang='grc'><strong>1)</strong></span> <span class='ocrx_word' id='word_1_286' title='bbox 471 4337 503 4392; x_wconf 85' lang='lat' dir='ltr'><strong>cl.</strong></span> <span class='ocrx_word' id='word_1_287' title='bbox 525 4337 599 4394; x_wconf 91' lang='lat' dir='ltr'><strong>Plnt.</strong></span> <span class='ocrx_word' id='word_1_288' title='bbox 613 4353 682 4394; x_wconf 88' lang='lat' dir='ltr'><strong>mus.</strong></span> <span class='ocrx_word' id='word_1_289' title='bbox 693 4337 708 4389; x_wconf 86' lang='lat'>8</span> <span class='ocrx_word' id='word_1_290' title='bbox 721 4354 747 4409; x_wconf 93' lang='lat' dir='ltr'><strong>p.</strong></span> <span class='ocrx_word' id='word_1_291' title='bbox 762 4339 801 4403; x_wconf 86' lang='lat'><strong>11,</strong></span> <span class='ocrx_word' id='word_1_292' title='bbox 817 4340 857 4394; x_wconf 79' lang='lat'><strong>17.</strong></span> <span class='ocrx_word' id='word_1_293' title='bbox 869 4334 916 4394; x_wconf 90' lang='lat' dir='ltr'><strong>ubi</strong></span> <span class='ocrx_word' id='word_1_294' title='bbox 929 4336 1050 4411; x_wconf 70' lang='grc' dir='ltr'>αὐλητής</span> <span class='ocrx_word' id='word_1_295' title='bbox 1060 4335 1121 4408; x_wconf 87' lang='lat' dir='ltr'><strong>juro</strong></span> <span class='ocrx_word' id='word_1_296' title='bbox 1139 4337 1266 4394; x_wconf 85' lang='lat' dir='ltr'><strong>restituit</strong></span> <span class='ocrx_word' id='word_1_297' title='bbox 1277 4337 1472 4395; x_wconf 81' lang='lat' dir='ltr'><strong>Volkmennus.</strong></span> 
     </span>
    </p>
   </div>
   <div class='ocr_carea' id='block_1_5' title="bbox 0 0 1676 5126">
    <p class='ocr_par' dir='ltr' id='par_1_5' title="bbox 0 0 1676 5126">
     <span class='ocr_line' id='line_1_37' title="bbox 0 0 1676 5126; baseline 0 2"><span class='ocrx_word' id='word_1_298' title='bbox 0 0 1676 5126; x_wconf 95' lang='lat' dir='ltr'><strong> </strong></span> 
     </span>
    </p>
   </div>
  </div>
 </body>
</html>
