3344 5126
729 412 766 470 51

187 593 363 680 Didymum
388 591 547 658 didicisse
571 597 773 676 compertum
797 590 853 672 sit,
877 592 966 674 quid,
991 613 1061 673 oro,
1089 593 1157 656 veri
1185 597 1237 656 est
1264 593 1308 656 si·

188 685 307 785 miliua
330 708 533 785 quambene
554 701 763 785 potissimum
785 701 889 766 fuisse
916 701 1052 783 fontem,
1075 723 1200 783 exque
1224 722 1307 784 quae

190 816 230 881 de
254 812 416 878 scaenicis
439 811 538 877 rebus
568 812 707 878 dicenda
736 812 800 877 sibi
829 816 924 876 erant
951 811 1102 877 hauserit
1130 810 1308 896 Didymus?

188 926 297 1007 Atque
319 942 435 989 revera
457 922 505 986 ita
527 943 596 987 rom
620 941 654 986 se
676 922 799 987 habere
826 922 982 1007 Hesychii
1012 943 1086 987 oum
1114 920 1245 985 Polluce
1276 926 1308 985 et

189 1034 357 1098 Athenaeo
380 1030 431 1094 his
454 1033 488 1095 in
509 1033 609 1098 rebus
632 1032 836 1115 comparatio
853 1032 993 1097 docebit.
1034 1031 1200 1096 Pollucem
1222 1030 1307 1094 enim

188 1149 220 1208 et
242 1142 446 1206 Athenaeum
469 1164 543 1207 cum
572 1144 701 1228 potiora
732 1164 793 1207 sua
818 1141 925 1207 Jubae
956 1142 1076 1207 debere
1104 1141 1308 1206 demonstra·

186 1253 273 1319 visse
296 1250 376 1316 mihi
398 1250 521 1340 videar,
544 1259 721 1318 accuratus
737 1252 827 1318 haud
842 1274 918 1318 raro
933 1253 967 1316 in
981 1254 1081 1318 rebus
1097 1253 1204 1317 minus
1220 1251 1306 1316 notis

185 1365 271 1428 inter
292 1362 367 1428 illos
391 1367 424 1426 et
444 1360 645 1446 Hesychium
667 1383 847 1429 consensus
874 1364 954 1446 quid
977 1363 1068 1427 aliud
1091 1362 1189 1427 docet
1208 1383 1307 1444 quam

186 1473 301 1539 eodem
323 1472 416 1537 illum
439 1494 568 1555 quoque
590 1474 641 1539 uel
663 1474 751 1539 illius
775 1479 943 1538 auctorem
972 1472 1061 1538 fonte
1087 1493 1183 1536 usum
1211 1472 1307 1536 csse?

186 1581 308 1648 Contra
324 1602 472 1664 comper
486 1605 519 1646 se
535 1575 616 1647 satis
631 1582 804 1667 probabile
821 1583 873 1660 sit,
894 1583 1038 1666 plurima
1053 1603 1136 1664 quae
1152 1582 1305 1647 derebus

187 1692 348 1757 scaenicis
371 1693 468 1758 docet
480 1691 638 1778 Didymus
661 1692 705 1757 ad
725 1691 846 1759 Jubam
868 1713 941 1758 esse
963 1691 1147 1771 referenda,
1171 1696 1304 1757 exactus

186 1802 243 1868 illc
265 1823 340 1867 curn
362 1803 532 1868 Athenaeo
557 1807 588 1867 et
610 1802 743 1867 Polluce
765 1823 945 1867 consensus
968 1825 1080 1868 veram
1111 1823 1183 1867 esse
1207 1785 1305 1885 quam

186 1935 245 1996 ego
267 1913 308 1978 de
334 1911 441 1979 «lubae
469 1934 567 1998 opere
596 1912 639 1977 ab
667 1911 733 1976 illis
763 1901 925 1997 usurpato
953 1913 1089 1997 concepi
1117 1913 1304 1997 opinionem

187 2023 341 2089 firmabit.
355 2022 379 2109 ¹)

269 2159 313 2223 Et
299 2158 506 2242 tplurimae
540 2156 674 2238 quidem
710 2177 795 2240 quae
831 2158 895 2222 huc
931 2158 1118 2240 pertineant
1149 2156 1305 2242 Hesychii

185 2269 351 2352 glossact
353 2289 406 2332 am
436 2269 552 2333 breves
580 2273 670 2347 sunt,
698 2267 844 2331 utnihil
870 2289 1069 2353 magnopere
1097 2275 1171 2332 nost
1173 2290 1243 2331 ram
1271 2269 1305 2330 in
1385 2309 1393 2324 .

183 2399 252 2443 rem
274 2380 350 2443 inde
372 2379 553 2443 lucremur:
585 2377 651 2440 nisi
673 2377 708 2440 id
737 2377 888 2462 aliquant
874 2379 981 2443 tillum
1004 2377 1159 2442 momenti
1133 2377 1304 2440 thabere

183 2490 354 2570 concedes,
380 2490 468 2572 quod
492 2488 678 2573 ille‘pauca
701 2487 864 2571 quaedam
885 2488 1039 2571 proponit
1060 2487 1201 2567 nomina,
1225 2507 1304 2569 quo-

181 2622 254 2664 rum
276 2619 336 2663 nos
366 2599 500 2682 quidem
529 2598 586 2680 qui
615 2604 711 2682 praet
713 2619 748 2663 er
777 2598 945 2662 Pollucem
972 2597 1173 2663 mentionem
1202 2597 1305 2661 faciat

181 2732 245 2775 non
268 2710 438 2775 habemus.
484 2708 669 2773 Nominat'
625 2708 722 2790 t1git
723 2731 762 2773 ur
784 2713 857 2772 tant
857 2729 959 2773 ume
962 2707 1190 2773 tb1evissime
1219 2727 1303 2788 quae

181 2820 225 2884 sit
256 2821 417 2902 cuiusque
453 2824 510 2884 not
511 2819 543 2882 io
497 2819 699 2883 tindicat
726 2824 784 2884 aut
810 2818 994 2902 Hesychius
1029 2824 1087 2882 aut
1073 2817 1231 2881 tPollux
1259 2854 1302 2864 -

181 2952 257 2994 uam
279 2931 308 2993 is
331 2950 461 3013 quoque
477 2950 616 3012 quorum
639 2928 772 2993 nomina
793 2933 921 2993 tantum
941 2929 1086 3013 apponit,
1109 2927 1239 2991 etiarnsi
1262 2948 1302 2991 ea

180 3038 332 3123 pluribus
364 3039 596 3104 describantur
624 3039 665 3103 ab
695 3038 872 3121 Hesychio,
900 3059 939 3103 ea
968 3057 1007 3102 ex
1033 3038 1198 3101 communi
1227 3059 1301 3101 oum

179 3148 343 3234 Hesychio
358 3149 422 3232 (vel
438 3149 577 3234 Didymo
592 3148 715 3232 potius)
730 3148 800 3213 font
787 3154 818 3212 te
833 3147 986 3211 hausisse
1000 3168 1065 3211 non
1080 3148 1301 3212 demonstrari

179 3260 485 3344 ροοεεέχλυς
508 3258 833 3343 (curationum
855 3257 1051 3340 Magn.808,
1070 3263 1117 3323 19.
1146 3257 1298 3322 Etausth

182 3374 271 3450 1913,
295 3370 368 3452 37.),
389 3365 548 3452 τρίγωνον,
577 3366 734 3452 σαμβύκη,
764 3366 950 3452 λοροφοῖνιξ,
979 3364 1181 3452 ἷαμβὺκη,”
1162 3391 1299 3451 ασκαροι,

180 3477 293 3564 νάβλα,
324 3476 452 3562 ἔλυμος,
481 3478 614 3562 γίγγρας,
646 3479 867 3562 κιθαριστήριον
905 3473 1009 3557 αὐλοί,
1043 3476 1207 3559 μεσόκοποι
1242 3478 1297 3561 (cf.

180 3589 299 3676 Phoe),
322 3588 493 3671 exorditur,
514 3584 640 3672 Ἀθηνᾶ
664 3587 718 3672 (cf.
741 3587 792 3651 Et.
810 3588 852 3652 M.
875 3593 924 3666 24,
948 3586 1023 3672 53.)‚
1046 3591 1157 3666 κῶμος,
1178 3584 1297 3668 ἡδύκω-

178 3723 242 3780 μος,
266 3701 397 3781 κνισμός,
420 3696 639 3786 [κολαβρισμός
661 3696 742 3762 Poll.
767 3699 806 3762 cf.
831 3698 905 3762 HeS.
928 3694 1130 3778 κολαβρίζειν·
1159 3698 1295 3782 σκιρτᾶν]

253 3939 275 4006 l)
284 3935 379 3990 Etiam
392 3951 504 4005 eaquae
515 3936 548 3989 de
557 3935 675 4004 Libyum
686 3950 771 4003 equos
781 3933 867 3988 tibiae
878 3935 959 3987 cantu
969 3933 1117 4003 mitigandi
1128 3937 1187 3986 arte
1200 3938 1294 3987 narrat

177 4027 303 4076 Aelianus
320 4024 378 4074 nat.
396 4038 438 4075 an.
451 4020 507 4074 XII
525 4024 567 4085 44,
586 4023 704 4074 Pollucis
721 4021 755 4074 de
772 4018 933 4090 ἱπποφόρβῳ
951 4018 1021 4072 tibia
1040 4018 1193 4074 narrationi
1211 4017 1249 4069 1v
1261 4021 1293 4069 74

177 4106 333 4170 simillima,
361 4107 448 4159 lubae
466 4104 559 4158 deberi
576 4105 671 4169 cred03
702 4112 859 4173 quanquam
882 4103 1015 4172 θεατρικῇ
1040 4103 1142 4172 ἱστορίᾳ
1160 4119 1226 4155 usus
1250 4105 1294 4155 est

175 4191 286 4254 Pollux,
306 4208 338 4246 ex
352 4187 481 4260 Λιβυκοῖς
503 4205 553 4242 sua
570 4187 695 4243 hausisse
715 4189 826 4243 videtur
843 4188 984 4242 Aelianus.
1021 4187 1075 4241 Sed
1093 4190 1203 4255 poterut
1222 4202 1292 4252 quae

175 4277 205 4330 in
229 4277 318 4331 altero
345 4291 427 4345 opere
445 4277 606 4327 narraverat
629 4274 658 4327 in
682 4274 783 4340 altero,
802 4273 826 4326 si
843 4290 887 4326 res
910 4274 1028 4333 ferebat.
1056 4274 1180 4338 repetere
1204 4270 1290 4337 ana5

176 4361 224 4434 qui
243 4365 303 4418 erat
318 4361 386 4414 adeo
406 4375 465 4415 mos
479 4357 568 4413 doctis
584 4357 661 4414 illins
680 4357 782 4414 aetatis
793 4355 950 4414 homiuibus
969 4357 1037 4411 satis
1056 4358 1257 4423 frequentatus.

1088 4457 1127 4512 ,γῆ
