3344 5126
907 419 948 482 58

369 621 389 663 a
412 600 547 666 Polluce
569 600 603 664 in
625 598 732 665 medio
755 599 874 666 itinere
896 622 970 666 enm
993 600 1117 680 ducem,
1146 622 1243 685 quem
1264 600 1392 666 fidelem
1414 621 1491 683 pro·

368 710 473 792 beque
501 710 573 776 viae
602 711 745 802 peritum
778 717 988 794 cognoverat,
1017 710 1075 776 sed
1103 712 1223 776 Jubam
1250 709 1297 774 illi
1327 717 1366 776 ut
1392 716 1491 775 antea

368 819 417 885 ita
439 841 527 885 nuno
551 841 685 905 quoque
710 821 827 888 ducem
850 821 955 887 fuisse
978 828 1011 887 et
1034 820 1196 887 comitem.

453 930 517 996 Sed
547 932 639 1015 prius
668 955 768 1018 qnam
795 930 882 997 hanc
917 931 1062 998 Pollucis
1096 937 1225 1015 partem
1262 951 1336 996 oum
1370 930 1491 996 lexico·

367 1039 504 1126 graphia
534 1062 633 1124 quam
656 1051 773 1129 potero
795 1043 988 1109 brevissime
1011 1062 1206 1127 comparem,
1235 1042 1270 1106 id
1291 1039 1490 1107 monendum

368 1161 428 1231 est,
455 1151 615 1238 plurimas
638 1174 735 1219 voees
764 1175 784 1218 a
805 1154 938 1220 Polluce
961 1153 1092 1218 brevius
1115 1152 1264 1218 fusiusve
1293 1151 1490 1235 explanatas

368 1265 402 1327 in
431 1262 543 1328 lexicis
573 1285 613 1328 ne
637 1264 888 1331 commemorari
910 1264 1052 1349 quidem,
1079 1263 1169 1347 quod
1191 1261 1279 1327 unde
1304 1260 1364 1326 fiat
1387 1280 1490 1345 supra

369 1377 414 1460 (p.
438 1376 471 1461 6)
489 1376 558 1457 jam
574 1373 703 1440 monui:
726 1395 782 1440 eas
806 1374 960 1440 nimirum
982 1373 1214 1441 tantummodo
1237 1369 1334 1440 'voces
1357 1372 1490 1455 aDidy-

330 1530 333 1536 -
368 1509 421 1552 mo
445 1486 641 1569 explanatas
664 1505 738 1551 esse
761 1492 1017 1560 consentaneum
1033 1491 1094 1564 est,
1117 1505 1202 1568 quae
1225 1483 1310 1550 forte
1333 1485 1367 1549 in
1391 1483 1490 1549 comi-

369 1619 484 1664 corum
512 1597 754 1679 tragicorumve
784 1604 959 1680 poetarum
987 1595 1111 1662 fabulis
1139 1595 1334 1676 legerentur.
1379 1593 1490 1670 Quare

368 1708 435 1774 noli
451 1707 586 1772 nimium
602 1727 641 1772 ex
657 1706 718 1771 hac
742 1706 988 1790 comparatione
1004 1706 1147 1772 fructum
1164 1711 1346 1789 expectare.
1391 1706 1490 1768 Prae·

368 1823 459 1882 terea
489 1822 600 1880 autem
634 1837 719 1899 quae
749 1816 886 1882 minoris
916 1817 1072 1882 momenti
1099 1822 1178 1882 sunt
1206 1815 1357 1882 omittere
1388 1814 1490 1879 malui

368 1949 467 2010 quam
490 1927 776 1993 commentationis
799 1927 918 1994 molem
940 1948 1062 2011 augere
1084 1927 1117 1992 in
1140 1949 1176 1992 re
1198 1947 1317 2012 parum
1341 1925 1442 2007 gravi.

452 2037 531 2103 Poll.
553 2038 571 2121 ἓ
597 2040 673 2102 118:
695 2037 715 2120 ἡ
739 2037 772 2100 δὲ
795 2038 940 2122 σατυρικὴ
964 2037 1058 2122 ἐσθής
1081 2077 1118 2085 —-
1151 2036 1230 2122 αἰγῆ,
1251 2039 1288 2122 ἦν
1310 2030 1361 2098 καὶ
1383 2031 1489 2116 tectas

368 2145 508 2211 ἐκάλουν.
552 2144 784 2230 Hesyehttcla
814 2145 899 2232 αἰγός
913 2148 996 2233 topi.
1017 2148 1112 2216 Phot.
1133 2145 1221 2230 ἷξαλῆ
1243 2148 1263 2230 ἡ
1287 2143 1398 2228 alisia,
1421 2139 1489 2207 ἐπεὶ

367 2250 464 2327 'italos
494 2254 526 2319 αἱ
555 2253 647 2339 αἶγες.
694 2254 741 2320 Of.
763 2258 822 2321 lex.
846 2258 930 2324 rhet.
953 2280 1005 2343 ap.
1028 2257 1183 2323 Eustath.
1205 2263 1276 2336 450,
1305 2259 1346 2319 24
1377 2253 1488 2340 (etde

367 2368 442 2451 ipsa
465 2387 544 2433 voce
568 2373 704 2433 Heroon.
728 2367 771 2432 ad
794 2367 932 2435 Moerid.
956 2390 986 2451 p.
1009 2373 1072 2433 445
1098 2389 1145 2451 sq.
1173 2372 1293 2448 Nauck.
1339 2367 1392 2430 Ar.
1415 2365 1489 2448 Byz.

367 2500 398 2561 p.
425 2483 484 2543 104
509 2481 569 2564 sq.)
1106 2457 1108 2462 ¹

453 2588 500 2652 De
524 2609 603 2654 voce
632 2589 761 2673 θήραιον
784 2608 870 2672 quae
892 2587 992 2654 habet
1015 2567 1130 2654 Pollux
1152 2590 1170 2674 ξ
1195 2589 1265 2668 118,
1288 2609 1328 2654 ea
1350 2609 1428 2653 num
1451 2607 1491 2651 ex

368 2698 483 2764 eodem
511 2699 602 2764 fonte
624 2697 778 2764 fluxerint
800 2706 902 2783 atque
924 2698 1104 2764 lexioorum
1127 2697 1167 2763 de
1189 2700 1305 2766 eodem
1328 2697 1489 2766 vocabulo

370 2808 522 2875 doctrina
552 2809 626 2875 ideo
649 2831 713 2876 non
736 2815 851 2891 potest
874 2808 1013 2890 decerni,
1037 2809 1115 2892 quia
1137 2809 1329 2874 brevissime
1353 2830 1415 2874 sua
1437 2829 1489 2871 ex-

367 2920 463 3002 ponit
483 2919 598 2985 Pollux
620 2918 673 2998 (of.
696 2917 757 2984 VII
781 2924 831 2986 48.
861 2919 925 3005 77),
946 2919 1043 3002 longe
1069 2920 1166 3004 plura
1190 2919 1350 3005 praebent
1375 2918 1488 2996 lexica,

370 3050 455 3112 quae
471 3051 497 3094 v.
514 3049 566 3112 ap.
584 3035 807 3095 Schneiderum
830 3029 849 3092 l.
860 3029 880 3094 l.
901 3052 932 3113 p.
952 3034 1019 3094 166.
1057 3030 1146 3095 ldem
1164 3031 1203 3095 de
1219 3031 1366 3097 exomide
1381 3029 1490 3093 dicen·

369 3138 455 3219 dum.
471 3141 567 3224 §¹19-
582 3139 715 3206 01:12011.
725 3139 785 3204 VH
799 3143 839 3203 47
851 3145 885 3204 et
896 3160 981 3223 quos
996 3145 1205 3206 Schneiderus
1219 3162 1249 3223 p.
1261 3147 1318 3206 167
1332 3138 1455 3204 laudat.
1465 3135 1488 3224 ¹)

368 3249 433 3334 (Ex
468 3249 670 3330 Diogeniano
707 3247 821 3312 eadem
860 3269 946 3331 quae
985 3249 1076 3335 apud
1106 3249 1305 3334 Hesychium
1332 3249 1489 3330 leguntur

366 3359 492 3443 profert
516 3358 615 3423 schol.
634 3356 726 3422 Dion.
754 3356 868 3442 Chrys.
893 3381 939 3426 or.
954 3359 1073 3426 LXXII
1096 3362 1122 3443 ξ.
1148 3362 1176 3424 1.
1199 3382 1230 3443 p.
1255 3366 1315 3426 789
1333 3355 1438 3446 Emp.)

454 3473 474 3552 {j
506 3475 580 3535 118·
596 3469 748 3552 χορτᾶιος·
771 3467 867 3551 χιτὼν
896 3469 994 3548 δασύς,
1009 3469 1042 3531 ὅν
1064 3466 1092 3531 οἱ
1117 3465 1259 3554 Σειληνοὶ
1281 3472 1415 3553 <popisma
1440 3466 1488 3532 Of.

368 3579 677 3663 Η66γ611.χορταῖος·
697 3577 785 3648 δασὺς
801 3577 896 3663 χιτὼν
913 3577 981 3650 ὀἷος
1005 3579 1094 3668 (add.
1111 3579 1142 3668 ὁ)
1165 3586 1226 3643 τῶν
1241 3580 1404 3664 Σειληνῶν·
1439 3577 1487 3644 cf.

368 3690 455 3754 idem
486 3713 511 3756 s.
538 3689 773 3776 χορταιοβάμων
800 3690 867 3756 Α61.
897 3690 1033 3774 Dionys.
1061 3711 1114 3774 ap.
1142 3689 1298 3756 Eustath.
1329 3695 1419 3764 1166,
1447 3695 1487 3754 05

367 3799 577 3890 (Bindsteisch.
599 3824 629 3884 p.
656 3803 739 3887 110.)

452 3912 470 3995 ξ
496 3917 569 3978 12οε
592 3910 631 3974 de
654 3910 807 3975 lenonum
831 3911 974 3976 baculis:
1006 3908 1133 3996 ἄρεσκος
1156 3909 1296 3974 καλεῖται
1322 3911 1342 3994 ἡ
1365 3911 1485 3998 ῥάβδος.

366 4022 451 4086 Hinc
481 4021 627 4106 suppleri
664 4020 790 4104 poterit
824 4019 943 4085 mutila
972 4019 1128 4105 Hesychii
1155 4021 1267 4104 glossa
1300 4043 1339 4085 ex
1373 4021 1486 4087 eodem

366 4135 457 4200 fonte
481 4131 637 4198 oriunda:
661 4127 797 4214 ἄρεσκος·
820 4167 861 4176 -—
883 4128 903 4211 ἡ
927 4130 1068 4214 διδομένη
1093 4129 1284 4216 ῥάβδος-τοῖς
1306 4130 1463 4216 κωμικοῖς.

380 4253 386 4256 -
437 4298 461 4364 1)
480 4295 522 4350 Cf.
536 4253 647 4347 Pecker.
661 4289 780 4347 Charicl.
793 4289 837 4344 III
853 4290 909 4346 162.
946 4291 1077 4346 Veterum
1089 4291 1156 4348 locis
1170 4293 1241 4347 adde
1258 4293 1355 4360 cyrilli
1365 4292 1486 4361 glossam

367 4399 383 4433 a
401 4379 519 4435 Mellero
535 4380 647 4447 editam,
665 4376 797 4432 Mnemos.
813 4375 860 4429 111
876 4392 903 4445 p.
921 4377 979 4429 220.
