3344 5126
781 341 800 399 7

234 529 410 613 Didymeas
432 525 503 608 ipse
517 521 701 608 Hesychius
724 522 758 585 in
781 521 923 606 epistula
944 522 1002 586 illa
1024 521 1068 584 ad
1082 513 1257 600 Eulogium
1273 518 1352 581 data

233 642 388 715 testatum
422 635 457 698 in
485 631 667 716 Pamphilei
699 630 795 695 lexici
828 631 971 714 epitoma
1003 629 1151 694 eiusdem
1182 627 1353 692 thensauri

234 746 345 826 largas
367 745 516 812 extitisse
538 742 697 825 reliquias
725 739 764 822 ei,
795 739 852 822 qui
874 739 1031 825 Hesychii
1061 737 1223 822 epistulae
1254 737 1351 802 fidem

234 854 456 936 derogandam
482 873 555 918 esso
584 856 748 932 censeant,
776 855 809 913 et
837 870 857 913 a
879 849 1082 930 Diogeniano
1112 847 1195 911 nihil
1222 847 1351 912 omnino

234 963 324 1038 alind
361 984 460 1045 quam
494 962 656 1046 Pamphili
694 980 777 1042 opus
813 958 998 1024 breviatum
1035 978 1107 1021 0000
1143 956 1352 1038 contendant,

233 1072 397 1137 uberrime
413 1073 632 1136 demonstrari
647 1092 744 1156 posse
761 1069 982 1136 crediderunt
1024 1067 1141 1132 Omnia
1157 1066 1242 1129 enim
1258 1073 1352 1148 quot-

233 1186 313 1263 quot
328 1182 536 1265 reperiuntur
551 1181 645 1266 apud
653 1186 839 1260 Hespcbiom
855 1160 1033 1264 Didymeae
1049 1177 1220 1241 doctrinae
1235 1177 1352 1255 frusta,

231 1291 288 1366 illi,
310 1299 349 1356 ut
369 1313 431 1376 par
453 1296 511 1372 est,
534 1311 573 1354 ex
592 1297 752 1370 Pamphilo
768 1289 900 1353 fluxisse
918 1287 1124 1352 affirmarunt
1146 1289 1185 1370 (o.
1203 1291 1351 1352 Schmidt.

214 1399 359 1485 ¹Didym.
387 1423 418 1484 p.
444 1403 518 1487 77.).
562 1401 626 1465 Sed
648 1401 711 1464 hac
735 1399 867 1482 quidem
889 1398 942 1462 110
964 1419 1038 1462 curn
1064 1396 1168 1476 nobie,
1199 1397 1351 1478 quicum

232 1508 402 1574 Welclrero
429 1509 634 1592 Weberoque
663 1509 834 1590 sentimus,
869 1529 933 1573 non
963 1510 1033 1592 jam
1060 1509 1161 1573 liceat
1187 1507 1351 1591 progredi,

232 1618 364 1684 aliunde
385 1625 494 1684 tamen
510 1619 731 1684 demonstrari
745 1623 856 1703 potest
870 1617 1001 1702 Didymi
1022 1619 1136 1682 lexicis
1158 1639 1255 1682 usum
1277 1637 1350 1682 esse

232 1728 447 1813 Pamphilum.
495 1727 629 1793 Certum
659 1729 745 1792 enim
774 1728 837 1792 hoc
865 1734 916 1791 est
944 1749 1017 1792 cum
1045 1729 1120 1792 aliis
1153 1729 1192 1792 de
1221 1729 1349 1792 caussis

229 1844 299 1904 tum
319 1844 456 1923 propter
478 1860 577 1903 uuum
601 1838 687 1903 huuc
710 1837 873 1902 Athenaei
895 1837 1005 1902 locum
1027 1838 1072 1901 XI
1088 1844 1149 1902 487
1173 1838 1214 1902 0:
1239 1836 1349 1922 μάνης·

230 1943 359 2032 ποτηρίυ
372 1945 463 2018 εἶδος.
488 1943 592 2012 Νίκων
608 1946 774 2031 κιθαρῳδῷ
785 1945 941 2030 παρέθετο
954 1947 993 2012 τὰ
1006 1945 1134 2032 ἰαμβεῖα
1149 1945 1201 2010 καὶ
1218 1948 1351 2030 Δίδυμος

229 2054 281 2122 καὶ
299 2056 473 2142 Πάμφιλος.
516 2057 656 2140 Didymo
679 2064 789 2122 autem
812 2078 887 2122 cum
909 2057 1024 2121 inillis
1039 2059 1154 2123 lexicis
1170 2059 1259 2123 haud
1275 2078 1351 2122 raro

228 2168 269 2232 de
292 2167 339 2234 eis
362 2169 463 2234 rebus
487 2167 834 2250 disputandum-esset
856 2187 941 2248 quae
964 2167 1007 2230 ad
1029 2175 1136 2232 artem
1164 2167 1351 2232 scaenicam

99 2336 102 2344 .
229 2283 389 2360 spectant,
421 2276 595 2360 probabile
624 2278 692 2355 001,
726 2275 837 2340 omnia
867 2277 936 2342 iere
964 2299 1003 2342 00
1033 2299 1117 2361 quae
1145 2299 1184 2341 ex
1212 2281 1352 2358 utroque

228 2386 424 2467 Diogeuiani
451 2385 556 2450 lexico
587 2391 719 2450 0011010
749 2391 826 2451 sunt
848 2387 970 2451 misera
992 2386 1217 2470 amplissimae
1249 2405 1351 2466 quon·

229 2495 305 2558 dam
328 2494 369 2559 de
397 2494 449 2558 his
472 2495 571 2558 rebus
595 2485 765 2560 doctrinae
793 2496 988 2576 fragmenta,
1018 2517 1057 2560 ex
1078 2495 1210 2580 Didymi
1233 2496 1352 2579 opibus
1446 2487 1450 2493 ¹

229 2600 373 2669 fluxisse.
418 2603 554 2670 Omnino
579 2604 683 2686 siquis
706 2626 746 2669 ex
767 2605 983 2689 amplioribus
1007 2627 1091 2688 quae
1114 2605 1198 2669 forte
1219 2605 1351 2670 fortuna

229 2718 380 2778 servatae
411 2718 487 2776 sunt
514 2713 599 2776 10011
629 2713 739 2796 operis
767 2714 916 2796 reliquiis
935 2716 1060 2797 justam
1083 2715 1256 2780 doctarum
1278 2715 1351 2778 1110-

226 2821 534 2887 111111101111110111111
563 2822 741 2904 imaginem
771 2825 836 2888 sibi
865 2824 1098 2906 informaverit,
1131 2825 1160 2888 is
1190 2825 1350 2909 optimam

226 2935 259 2994 et
287 2951 363 2996 vero
392 2931 492 2996 etiam
521 2933 696 2996 maximam
725 2933 904 2998 lexicorum
935 2941 1124 2999 nostrorum
1150 2941 1278 3015 partem
1307 2934 1350 2998 ad

224 3039 399 3127 Didymum
421 3041 544 3107 referre
566 3064 632 3107 non
654 3043 831 3108 dubitabit.

308 3150 383 3216 Jam
407 3150 435 3215 si
451 3157 587 3216 Pollucis
609 3174 683 3217 cum
706 3153 753 3216 eis
777 3151 948 3217 doctrinae
970 3152 1085 3218 frustis
1108 3175 1192 3235 quae
1207 3151 1346 3237 Didymo

225 3257 339 3322 deberi
362 3267 450 3324 certo
474 3261 596 3326 scimus
619 3262 823 3328 instituimus
841 3263 1127 3346 comparationem,
1151 3269 1265 3346 sponte
1288 3283 1344 3343 ap·

223 3375 328 3451 paret,
355 3370 531 3435 maximam
552 3373 745 3455 plerumque
767 3372 854 3438 inter
876 3379 1051 3454 utrumque
1074 3372 1277 3436 intercedere
1302 3371 1345 3434 si-

223 3477 451 3560 militudinem.
495 3479 585 3556 Quae
607 3487 718 3546 tamen
741 3483 946 3567 comparatio
977 3503 1051 3546 cum
1073 3482 1203 3561 longius
1227 3503 1247 3544 a
1269 3502 1344 3562 pro·

223 3589 332 3672 posita
360 3589 552 3672 quaestione
580 3611 641 3654 nos
671 3592 858 3658 abductura
888 3592 940 3672 sit,
968 3592 1002 3654 in
1030 3591 1140 3655 tribus
1164 3590 1344 3653 subsistam

223 3697 390 3782 exemplis.
1082 3761 1087 3774 ,
1353 3714 1355 3717 ’

309 3805 441 3872 Sextum
457 3808 598 3873 Bekkeri
612 3809 741 3874 lexicon
754 3810 837 3874 haec
852 3810 954 3875 habet
967 3834 998 3894 p.
1008 3811 1080 3890 411,
1095 3815 1148 3876 19:
1162 3801 1342 3893 Ἀφλαστα·

222 3915 261 3980 τὰ
291 3914 475 3998 ἀκροστόλια
505 3913 759 4003 Ἀπολλόδωρος.
811 3919 826 3982 ὸ
854 3918 888 3982 δὲ
918 3915 1052 4003 Δίδυμος
1081 3920 1211 4004 (procul
1240 3918 1340 3982 dubio

222 4025 255 4089 in
277 4026 382 4091 lexico
406 4027 549 4091 comico:
571 4050 598 4091 1.
623 4027 664 4093 Μ.
681 4028 839 4094 Schmidt.
862 4030 935 4094 Did.
958 4054 989 4113 p.
1007 4037 1056 4096 79.
1072 4034 1136 4108 80.)
1159 4026 1192 4090 τὸ
1215 4023 1265 4089 ἐπὶ
1287 4031 1339 4108 τῆς

222 4131 357 4218 πρύμνης
380 4133 423 4205 εἰς
446 4135 518 4220 ὕψος
541 4137 576 4198 ἐκ
591 4137 725 4201 κανόνων
738 4137 879 4203 πλατέων
895 4138 1143 4226 ἐπικεκαμρένον.
1165 4136 1339 4222 Didymum

222 4245 371 4326 sequitur
392 4245 507 4311 Pollux
528 4245 544 4309 1
568 4251 616 4310 90.
