3344 5126
892 431 933 494 43

358 615 536 700 prolatam,
569 636 704 701 prorsus
734 615 859 679 omisit:
901 612 1015 696 qualia
1043 613 1077 677 in
1106 616 1237 691 Didymo
1273 607 1478 674 decertando

357 727 549 811 saepissime
577 727 782 792 commisisse
811 730 1037 803 hispontanam
1065 722 1178 786 multis
1206 721 1362 804 exemplis
1390 742 1478 786 oom-

357 842 486 921 pertum
508 843 568 902 est.
611 836 763 902 Ceterum
786 856 850 918 quo
873 855 978 917 usque
1006 835 1191 917 pertineant
1211 831 1289 896 libri
1312 831 1401 896 illius
1423 832 1479 897 Di-

357 948 464 1033 dymei
485 953 639 1031 excerpta
659 947 702 1012 ab
718 946 885 1012 Athenaeo
907 945 1108 1026 fragmenta,
1143 941 1320 1007 admodum
1342 941 1480 1007 dubium

358 1064 418 1123 est.
462 1056 500 1122 In
522 1079 601 1124 voce
624 1053 819 1144 intepretetur
841 1080 873 1141 p.
890 1061 952 1121 634
974 1056 1000 1120 F
1021 1076 1061 1121 ea
1084 1055 1234 1120 desinere
1257 1057 1298 1117 M.
1315 1057 1481 1118 Schmidtir‘

359 1167 444 1247 (Did.
467 1192 499 1253 p.
521 1168 598 1254 304)
621 1173 673 1234 est
693 1169 818 1252 opinio,
848 1173 1039 1249 argumento
1069 1165 1218 1230 stabilita
1245 1161 1479 1242 infirmissime,

357 1278 447 1360 quod
468 1300 554 1342 nunc
576 1277 722 1344 refutare
743 1279 877 1360 longum
900 1283 959 1343 est.
1003 1277 1072 1358 Ego
1095 1297 1161 1342 non
1183 1275 1300 1354 habeo,
1322 1278 1479 1337 curante

358 1377 479 1472 eapitis
503 1393 541 1454 37
564 1387 662 1454 finem
683 1389 771 1454 illius
802 1391 912 1473 operis
941 1389 1116 1453 terminum
1145 1387 1331 1470 ponendum
1361 1382 1478 1446 dicam.

358 1498 443 1564 Hinc
465 1520 541 1566 vero
564 1500 650 1564 mira
672 1499 797 1565 accidit
825 1521 888 1566 res.
938 1499 1142 1583 Repetuntur
1170 1497 1202 1562 in
1234 1521 1261 1564 c.
1286 1502 1326 1561 37
1350 1501 1479 1587 Didymi

358 1616 392 1674 et
413 1615 607 1692 argumenta
629 1615 663 1675 et
684 1631 767 1692 quos
788 1610 845 1678 ille
867 1610 990 1677 anxilio
1019 1611 1148 1676 vocavit
1176 1610 1241 1676 looi
1269 1630 1308 1675 ex
1336 1611 1479 1676 Anacre-

360 1725 451 1802 onte,
474 1720 628 1802 Pindaro,
645 1720 848 1802 Aristoxeno,
870 1720 1092 1806 Menaechme,
1113 1721 1323 1806 Euphorione
1338 1721 1479 1787 collecti.

358 1830 424 1894 Aut
451 1831 555 1913 igitur
587 1829 778 1896 dormitavit
816 1831 1004 1898 Athenaeus
1041 1838 1075 1897 et
1109 1853 1193 1915 quae
1223 1833 1319 1898 modo
1351 1833 1479 1898 dixerat

359 1940 551 2006 somniando
567 1941 728 2024 repetivit,
751 1947 816 2024 aut,
831 1942 866 2007 id
889 1943 978 2026 quod
993 1943 1105 2007 malim
1120 1944 1265 2026 credere,
1287 1946 1477 2026 oscitanter,

356 2073 416 2136 pro
438 2070 529 2116 more
553 2071 621 2134 suo,
642 2073 723 2118 usus
745 2059 795 2118 est
816 2052 901 2119 libro
924 2054 1036 2136 aliquo
1058 2054 1091 2118 in
1114 2073 1178 2137 quo
1195 2052 1235 2118 de
1250 2053 1478 2120 instrumentis

357 2161 495 2227 musicis
517 2164 566 2227 ita
588 2163 766 2245 agebatur,
788 2168 825 2228 ut
854 2163 986 2250 Didymi
1016 2162 1241 2248 ἀντεξηγὴσεις,
1271 2163 1329 2228 ubi
1357 2185 1411 2230 res
1432 2164 1478 2230 fe-

357 2274 467 2356 rebat,
490 2278 619 2339 tantum
640 2294 706 2339 non
728 2273 828 2339 verbo
850 2279 946 2340 tenus
968 2275 1297 2341 transscriberentur.

441 2385 529 2452 Huic
552 2384 658 2449 eidem
681 2383 888 2468 compilatori
910 2385 1083 2452 tribuerim
1105 2405 1190 2469 quae
1213 2407 1240 2450 c.
1264 2389 1314 2451 39.
1343 2387 1384 2452 de
1406 2408 1477 2452 oro·

357 2497 502 2563 talorum
525 2495 722 2580 quibusdam
737 2497 914 2578 generibus
929 2502 1122 2577 narrantum
1145 2497 1265 2580 quippe
1288 2517 1373 2579 quae
1394 2498 1477 2563 nihil

358 2609 401 2672 ad
423 2629 494 2673 rem
514 2607 558 2672 ab
580 2606 749 2671 Athenaeo
772 2612 961 2691 susceptam
982 2608 1169 2691 pertineant
1191 2613 1224 2672 et
1254 2607 1328 2673 ideo
1350 2612 1477 2674 tantum

358 2717 490 2802 adjecta
512 2737 586 2782 esse
600 2717 782 2800 videantur,
806 2719 884 2800 quia
905 2719 940 2783 in
962 2718 1076 2785 eodem
1098 2737 1216 2801 exque
1232 2721 1342 2784 cetera
1357 2718 1478 2784 hausta

360 2832 455 2893 erant
482 2827 570 2892 libro
596 2827 808 2909 legebantur:
841 2828 876 2893 id
910 2830 999 2913 quod
1025 2829 1094 2894 illis
1121 2828 1309 2896 hominibus
1330 2833 1477 2894 veterum

358 2938 493 3004 divitias
517 2938 647 3023 stupide
669 2939 920 3004 corrodentibus
937 2959 1036 3023 saepe
1059 2929 1231 3005 accidisse
1245 2961 1339 3005 nemo
1361 2941 1476 3006 nescit.

357 3051 396 3115 In
417 3050 480 3115 hac
503 3054 599 3133 parte
620 3050 776 3116 laudatur
791 3055 948 3132 Didymus,
973 3049 1032 3115 sed
1053 3050 1082 3114 is
1097 3050 1191 3115 locus
1213 3051 1369 3132 adquam
1392 3071 1479 3115 oom-

357 3160 480 3245 pilator
501 3167 615 3226 noster
635 3161 772 3245 respicit
793 3183 858 3228 non
879 3161 915 3226 in
936 3160 1167 3245 ἀντεξηγήσεσιν
1189 3161 1247 3226 sed
1267 3163 1301 3226 in
1317 3182 1479 3229 commen·

358 3271 445 3336 tario
475 3270 717 3355 Aristophaneo
746 3272 911 3337 exstitisse
939 3272 1087 3338 videtur:
1116 3294 1144 3337 v.
1174 3271 1275 3338 schol.
1308 3273 1362 3339 Ar.
1398 3274 1479 3340 Ran.

360 3386 439 3447 1305
470 3404 500 3465 p.
523 3386 585 3447 309
615 3381 646 3446 b.
676 3379 801 3446 Duebn.
853 3380 947 3447 Unde
977 3384 1139 3466 sequitur,
1171 3403 1277 3465 neque
1307 3405 1347 3447 ex
1374 3385 1479 3467 ipsius

358 3494 486 3579 Didymi
511 3491 740 3576 ἀντεξηγήσεσιν
768 3493 890 3557 hausta
918 3513 990 3557 esse
1013 3513 1098 3575 quae
1120 3492 1339 3576 praecedunt,
1369 3499 1404 3558 et
1425 3493 1480 3558 Di·

358 3604 445 3689 dymi
468 3603 710 3668 commentariis
726 3603 760 3667 in
774 3600 1028 3686 Aristophanem
1043 3623 1140 3667 usum
1163 3623 1236 3668 esse
1257 3603 1351 3668 illum
1373 3623 1480 3686 gram·

357 3713 526 3795 maticum,
549 3733 645 3796 quem
668 3715 814 3779 eiusdem
830 3733 960 3796 quoque
976 3710 1187 3796 ἀντεξηγήσεις
1212 3733 1306 3778 suum
1328 3713 1363 3778 in
1385 3733 1480 3778 usum

358 3824 559 3889 convertisse
581 3823 733 3889 vidimus.

441 3934 556 4019 Capite
587 3940 626 3999 40
655 3956 694 3999 ex
715 3936 892 4019 improviso
925 3934 965 3998 de
995 3940 1163 4012 moyadide
1185 3935 1292 4001 denuo
1316 3935 1480 4018 quaedam

357 4046 528 4126 docemur3
562 4045 702 4109 alterum
736 4051 845 4110 autem
881 4045 964 4110 illud
987 4045 1079 4128 quod
1113 4047 1300 4111 Athenaeus
1328 4044 1481 4112 adhibuit

357 4177 440 4240 opus
469 4177 543 4220 oum
572 4154 696 4220 dudum
723 4157 767 4221 ad
799 4157 883 4220 alias
915 4175 969 4220 res
1001 4156 1177 4220 transiisse
1215 4156 1482 4236 intellexerimus

356 4274 416 4333 aut
442 4267 541 4334 tertio
571 4265 654 4331 haec
682 4265 842 4331 debentur
878 4266 963 4331 libro
994 4271 1071 4346 aut,
1108 4265 1195 4348 quod
1233 4266 1345 4330 malim
1381 4266 1482 4346 credi,
