3344 5126
730 440 767 500 17

271 627 321 688 Ad
332 625 457 686 vertum
473 619 638 685 excitatur
660 619 747 703 apud
762 618 967 682 Athenaeum
982 617 1056 682 XIV
1068 614 1132 682 Ι619
1148 617 1175 680 Β
1198 614 1251 700 (fr.
1268 620 1307 681 27

186 755 217 818 p.
243 736 302 800 184
323 730 367 812 N)
394 729 626 813 Aristophanis
648 727 690 793 de
711 727 814 793 variis
837 729 975 794 odarum
1004 727 1178 809 generibus
1198 726 1308 806 locus;

186 840 338 926 pleniora
359 840 500 924 legimus
522 846 556 905 et
576 839 642 905 alio
664 839 779 904 ordine
794 837 957 921 disposita
979 857 1032 919 ap.
1048 836 1126 902 Poll.
1142 835 1186 901 IV
1202 841 1242 900 53
1258 855 1306 918 sq.
1332 867 1342 888 ·

187 949 278 1028 Quae
300 949 342 1015 de
364 969 440 1016 noce
455 946 617 1032 ἐπιστάτης
632 969 692 1033 pro
714 948 847 1030 vulgato
863 942 1061 1030 παιδοτρίβης
1076 945 1228 1011 adhibita
1242 945 1309 1011 dis-

188 1059 293 1126 seruit
307 1059 546 1144 Aristophanes
568 1080 599 1143 p.
622 1064 684 1124 215
706 1058 746 1124 fr.
768 1057 895 1137 LXVII,
916 1077 981 1122 non
1004 1055 1180 1137 omisisset,
1202 1055 1310 1137 crede,

188 1169 313 1252 Pollux,
337 1169 367 1234 si
382 1167 614 1252 Aristophanis
630 1143 726 1238 litei<
749 1167 820 1252 ipse
842 1170 1046 1251 usurpasset.
1075 1160 1206 1248 Κύρβεις
1229 1186 1310 1248 qua-

188 1279 403 1364 drangulares
425 1277 528 1342 fuisse
550 1279 819 1361 pronuntiaverat
833 1275 1073 1361 Aristophanes
1096 1275 1140 1360 (p.
1156 1279 1217 1339 219
1234 1280 1309 1356 sq.);

188 1379 410 1471 triangulares
432 1387 536 1453 luisse
557 1387 702 1453 affirmat
722 1387 837 1453 Pollux
859 1386 936 1451 Vlll
958 1389 1030 1462 218,
1057 1383 1310 1450 Eratosthenem

188 1502 232 1583 (p.
256 1502 316 1563 211
339 1498 475 1584 Bernh.)
498 1502 645 1578 secutus,
667 1497 762 1562 cuius
785 1495 969 1562 doctrinam
991 1515 1082 1560 more
1110 1513 1169 1560 suo
1191 1513 1310 1578 propa-

187 1606 279 1689 gavit
299 1605 458 1693 Didymus
482 1607 537 1691 (cf.
555 1611 705 1673 Schmidt.
727 1606 802 1672 Did.
816 1632 848 1692 p.
865 1607 939 1690 59),
961 1606 1047 1670 unde
1062 1605 1096 1669 in
1110 1601 1309 1688 Hesychium

188 1715 343 1783 Photium
364 1716 448 1784 alios
470 1717 606 1783 transiit
628 1717 683 1802 (cf.
699 1722 805 1783 Nabar
826 1715 919 1780 Phot.
935 1716 951 1779 Ι
967 1716 1052 1799 360.)
1064 1751 1108 1766 ·-
1122 1713 1222 1780 Plura
1243 1711 1310 1777 noli

188 1825 342 1893 dubitare
365 1827 444 1909 quin
465 1827 628 1895 inventuri
648 1827 760 1908 simus,
784 1828 813 1891 si
827 1825 939 1910 paullo
955 1825 1110 1892 uberiora
1125 1821 1310 1888 teneremus

188 1935 421 2021 Aristophanis
443 1937 639 2020 fragmenta.
682 1936 795 2001 Nihilo
821 1937 929 2000 minus
951 1934 987 1999 id
1009 1940 1135 1999 certum
1157 1938 1223 2014 est,
1252 1931 1310 1997 ad·

188 2046 331 2113 hibitum
352 2045 455 2113 fuisse
471 2047 639 2113 aPolluoe
655 2045 818 2112 eiusmodi
840 2053 898 2111 aut
917 2046 1040 2111 librum
1062 2050 1120 2109 aut
1140 2043 1254 2125 libros,
1276 2042 1311 2108 iu

189 2155 311 2238 quibus
334 2154 567 2242 Aristophanis
589 2155 742 2221 doctrina
763 2159 897 2239 recepta
924 2154 1032 2220 fuerit.
1082 2153 1160 2219 Veri
1187 2156 1239 2218 est
1267 2152 1311 2217 si·

189 2264 377 2347 millimum,
398 2287 438 2330 ex
459 2265 625 2330 uberrimo
649 2265 706 2330 illo
729 2264 819 2330 fonte
840 2264 1001 2348 plurimos
1029 2283 1088 2328 suo
1115 2269 1214 2348 prata
1234 2263 1310 2327 irri-

188 2393 303 2458 gasse:
334 2373 456 2438 scimus
479 2380 641 2454 Didymon
663 2395 759 2439 usum
781 2394 854 2439 esse
883 2372 1114 2458 Aristophanis
1140 2369 1251 2452 libris;
1279 2378 1312 2436 et

192 2487 384 2562 Tryphonem
423 2480 694 2564 Alexandrinum,
737 2482 933 2548 onomastioi
967 2481 1185 2562 conditorem,
1222 2479 1314 2544 haud

191 2610 267 2655 raro
300 2587 449 2654 eiusdem
482 2591 645 2675 expilasse
685 2592 870 2658 doctrinam
904 2591 1140 2657 demonstravit
1171 2597 1312 2657 Nabaros

194 2698 277 2784 prol.
306 2697 402 2764 Phot.
426 2722 456 2785 p.
485 2707 524 2766 76
556 2720 604 2783 sq.
656 2699 763 2766 Huius
793 2702 896 2784 igitur
923 2707 982 2766 aut
1011 2701 1159 2766 eiusdem
1189 2702 1310 2785 aetatis

189 2806 275 2873 alius
298 2807 473 2873 cuiusdam
495 2811 703 2890 grammatici
718 2811 943 2878 onomasticon
959 2832 1055 2876 suum
1076 2811 1111 2875 in
1125 2808 1221 2876 usum
1236 2832 1312 2879 con·

190 2916 329 2984 verterit
357 2917 484 2984 Pollux.
533 2919 599 2986 Sed
624 2921 841 2987 vetustiorum
870 2920 970 2987 etiam
1000 2919 1312 3005 glossographorum

190 3047 368 3109 eorumque
392 3029 449 3110 qui
462 3035 540 3113 post
554 3029 808 3115 Aristophanem
823 3053 888 3096 non
903 3031 1051 3116 priorum
1066 3029 1171 3096 libros
1188 3030 1312 3097 descri-

188 3135 266 3202 bere
289 3137 372 3203 satis
394 3139 578 3223 habebant,
600 3139 786 3207 doctrinam
807 3141 842 3206 in
863 3140 1008 3207 Pollucis
1031 3161 1130 3225 opere
1153 3145 1311 3224 tanquam

190 3245 225 3309 in
245 3248 456 3332 receptaculo
479 3248 592 3332 aliquo
615 3251 788 3319 collectam
809 3272 897 3335 esse,
918 3250 1060 3318 maxime
1091 3269 1170 3316 sane
1192 3250 1311 3332 proba-

189 3352 256 3418 bile
278 3374 352 3420 esse
374 3358 528 3424 concedo.
564 3358 641 3425 Noli
654 3367 765 3428 tamen
787 3362 921 3429 credere
936 3361 1160 3444 antiquiorum
1180 3359 1311 3425 illorum

189 3462 241 3527 vel
262 3483 363 3529 unum
385 3466 428 3531 ab
450 3466 524 3551 ipso
545 3467 677 3536 Polluce
699 3477 880 3538 tractatum
900 3471 1015 3538 fuisse.
1064 3472 1197 3539 Dudum
1223 3473 1311 3538 enim

188 3570 310 3656 integri
342 3572 451 3640 fontes
476 3575 511 3639 in
539 3577 681 3666 rivulos,
714 3579 749 3643 in
776 3585 889 3644 vastos
918 3579 1012 3647 lacus
1047 3583 1177 3648 collecti
1216 3589 1313 3650 erant

186 3679 304 3774 rivvdi3
327 3681 376 3749 ita
398 3687 437 3748 nt
458 3684 503 3749 ad
524 3685 615 3770 ipsos
637 3685 743 3752 fontes
766 3689 944 3755 ascendere
972 3711 1077 3773 neque
1103 3692 1310 3758 commodum

191 3793 290 3872 esset,
312 3797 347 3856 et
361 3812 460 3879 saepe
474 3795 618 3862 fortasse
631 3818 672 3863 ne
686 3796 759 3864 fieri
774 3798 907 3882 quidem
921 3799 1020 3867 facile
1039 3807 1162 3885 posset.
1198 3801 1311 3868 Veluti

190 3917 230 3963 ex
251 3899 318 3965 illis
341 3920 424 3982 quos
447 3923 549 3990 supra
570 3909 757 3975 enumeravi
778 3909 1019 3994 lexicographis
1042 3932 1116 3978 cum
1137 3911 1310 3977 multorum

190 4007 335 4075 sciamus
358 4009 527 4080 Athenaeo
548 4016 709 4099 nobisque
726 4020 796 4087 solo
811 4025 975 4101 Pamphilo
996 4019 1220 4086 intercedente
1242 4043 1311 4088 ser·

188 4124 299 4184 vatam
331 4139 405 4188 esse
437 4124 643 4208 memoriam,
679 4133 750 4193 tum
781 4148 823 4194 ne
854 4129 932 4195 huic
965 4128 1099 4212 quidem
1134 4131 1310 4198 maximam

188 4226 319 4294 illorum
347 4233 639 4314 grammaticorum
665 4243 796 4322 partem
823 4260 968 4322 unquam
995 4241 1098 4306 fuisse
1127 4240 1310 4326 inspectam

189 4335 395 4406 crediderim.
433 4341 654 4426 Quaecunque
677 4347 763 4412 enim
784 4348 870 4413 inter
892 4348 1141 4436 lexicographos
1163 4351 1248 4435 illos,
1270 4376 1310 4420 ex

236 4469 272 4510 Ro
281 4468 312 4512 hd
321 4483 345 4523 e,
359 4473 390 4518 De
404 4473 501 4519 Pollucis
517 4477 623 4522 lontibus.
1056 4471 1071 4522 2
