3344 5126
882 357 919 415 16

338 537 427 614 Quae
449 543 622 621 praeterea
643 534 829 601 instituisse
853 535 975 600 scimus
998 535 1254 622 Aristophanem
1276 535 1345 622 περὶ
1367 563 1457 625 προς-

337 647 505 729 pennosos
537 651 569 711 et
596 641 666 729 περὶ
696 645 900 730 βλασφημιῶν
938 647 1057 730 capita,
1091 667 1203 712 eorum
1236 657 1363 729 neutro,
1395 671 1456 734 pro

341 755 451 836 operis
475 755 527 820 sui
543 755 690 849 consilio,
712 755 761 820 uti
775 755 879 820 voluit
893 755 1021 838 Pollux;
1043 757 1077 820 in
1092 755 1307 822 animantium
1321 759 1458 824 vocibus

339 864 569 929 enumerandis
599 863 641 953 (V
664 871 704 930 86
728 868 813 952 sqq.)
842 886 920 930 num
942 865 1174 950 Aristophanis
1206 865 1246 931 de
1278 868 1393 932 eadem
1424 889 1459 934 re

338 975 645 1039 commentationem
685 973 741 1062 (de
782 995 847 1056 qua
883 974 922 1038 cf.
955 981 1189 1054 Reifferscheid.
1224 975 1356 1041 Sueten.
1390 977 1460 1042 rell

338 1106 368 1166 p.
397 1083 535 1169 XVIIII)
566 1083 746 1166 inspexerit
772 1084 972 1166 ignoramus.
1016 1083 1127 1149 Altero
1158 1085 1304 1166 capitum
1333 1105 1461 1167 genere,

338 1192 459 1274 quibus
490 1192 674 1259 Laconicas
706 1193 936 1276 Achaicasque
969 1193 1024 1278 (cf.
1059 1201 1097 1258 M.
1121 1179 1283 1260 'Schmidt
1318 1198 1460 1278 quaesit.

337 1302 478 1386 Hesych.
500 1325 531 1386 p.
553 1303 652 1388 LXX)
674 1304 802 1385 glossas
825 1304 969 1370 rariores
991 1304 1135 1388 propriis
1157 1310 1315 1387 tanquam
1337 1304 1460 1370 areolis

338 1412 392 1478 1116
421 1412 599 1495 collegerat
613 1416 652 1500 ¹),
688 1435 766 1478 num
795 1412 911 1478 Pollux
947 1434 1040 1504 suam
1056 1415 1106 1480 ‘in
1141 1437 1211 1480 rem
1238 1416 1289 1480 uti
1316 1414 1462 1498 potuerit

339 1521 465 1588 dubito.

423 1632 461 1696 In
482 1637 575 1697 tanta
597 1639 708 1697 tamen
736 1633 994 1715 fragmentorum
1024 1634 1193 1715 paucitate
1222 1641 1256 1699 61
1282 1633 1462 1715 exiguitate

339 1762 414 1807 cum
436 1741 558 1806 totiens
581 1741 669 1806 inter
684 1742 937 1826 Aristophanem
952 1741 1183 1826 Pollucemque
1206 1750 1361 1808 accurate
1385 1762 1462 1806 eon-

339 1850 459 1932 166161,
492 1858 684 1933 argumento
715 1851 749 1916 id
776 1853 943 1918 videbitur
969 1852 1059 1917 haud
1087 1854 1150 1919 leri
1177 1875 1263 1930 6666,
1291 1853 1460 1918 adhibitas

339 1961 442 2025 fuisse
461 1983 541 2044 prae
556 1961 674 2026 ceteris
690 1961 923 2044 Aristophanis
939 1962 1032 2032 λέξεις
1048 1963 1083 2026 in
1097 1961 1240 2029 Pollucis
1256 1962 1460 2027 onomastico
1505 1991 1514 2012 ·

341 2068 522 2136 conflando.
567 2071 678 2138 Nihilo
708 2072 814 2135 minus
843 2091 962 2136 vanam
990 2092 1062 2138 esse
1083 2071 1169 2139 hanc
1192 2072 1335 2156 speciem
1356 2091 1462 2153 neque

340 2178 450 2261 ipsum
479 2185 570 2245 certe
592 2181 826 2266 Aristophanis
856 2183 978 2247 librum
999 2182 1124 2248 Polluci
1147 2182 1189 2247 ad
1210 2201 1327 2246 manus
1349 2180 1463 2261 161666,

341 2288 417 2353 inde
434 2295 580 2374 6666161,
602 2292 690 2373 quod
705 2291 791 2356 inter
804 2311 929 2375 paucas
950 2292 1036 2374 illas,
1058 2313 1141 2375 quas
1162 2312 1222 2355 nos
1237 2290 1336 2355 hodie
1352 2289 1464 2372 cogni·

341 2405 394 2463 tas
424 2399 594 2481 habemus,
623 2400 857 2484 Aristophanei
884 2400 994 2483 operis
1022 2400 1181 2484 reliquias
1212 2400 1387 2464 nonnullae
1410 2421 1463 2464 ex-

341 2512 421 2589 tant,
449 2508 483 2572 in
511 2509 630 2592 quibus
653 2509 784 2575 diversa
807 2511 967 2575 docentur
992 2533 1013 2575 6
1035 2510 1173 2593 geminis
1195 2509 1339 2574 Pollucis
1363 2509 1462 2589 locis3

341 2617 376 2681 id
400 2617 488 2699 quod
508 2638 574 2682 non
595 2619 718 2684 lactum
741 2642 814 2686 esse
840 2621 1107 2702 consentaneum,
1138 2619 1167 2684 si
1193 2626 1322 2684 tantum
1349 2639 1464 2684 161616

345 2726 461 2792 ducem
483 2727 555 2811 ipse
576 2728 690 2793 Pollux
712 2737 845 2797 secutus
868 2737 966 2796 esset.

343 2927 399 2982 luti
416 2944 478 2982 cnm
499 2930 533 2985 ir.
551 2929 651 2983 LXXII
667 2948 695 3000 p.
714 2933 763 2983 218
782 2933 817 2988 cf.
835 2933 940 2988 Pollnc.
959 2933 1000 2986 VI
1017 2935 1063 2996 403
1088 2933 1213 2999 Aeschyli
1228 2945 1337 2983 1616661
1355 2929 1463 2982 Aristo·

345 3012 430 3082 phani
448 3012 547 3067 debere
565 3011 676 3068 ridetur
698 3014 807 3083 Pollnx;
831 3015 927 3071 eodem
951 3032 1032 3071 versu
1055 3014 1090 3068 sd
1112 3013 1297 3084 Phrynichnm
1322 3012 1462 3082 (661190)

344 3096 525 3150 refellendum
542 3114 622 3152 nsum
641 3114 700 3152 esse
718 3097 811 3165 Orum,
830 3099 909 3154 cuins
927 3100 1008 3155 hodie
1026 3098 1121 3169 inepte
1137 3100 1267 3152 truncata
1284 3099 1312 3151 in
1331 3095 1464 3150 Antiatti·

345 3181 416 3234 cista
434 3180 532 3234 notula
551 3185 677 3250 superest
696 3185 871 3254 (6101610),
891 3185 1011 3238 licicras
1024 3183 1092 3252 prol.
1105 3181 1186 3237 Phot.
1199 3198 1226 3250 p.
1243 3184 1285 3233 llll
1300 3181 1464 3247 suspicatur.
1573 3190 1576 3195 '

345 3265 387 3318 Ex
405 3265 589 3332 Aristophane
607 3264 694 3332 igitur
711 3265 783 3320 hunc
796 3267 929 3336 Aeschyli
945 3267 1036 3320 locum
1055 3266 1308 3334 transscripserunt
1325 3269 1355 3319 61
1367 3265 1465 3320 Pollux

346 3352 382 3412 et,
402 3366 435 3404 ex
453 3365 506 3419 qno
525 3347 595 3403 Orus
613 3365 662 3403 sue
680 3349 791 3404 haurire
810 3351 890 3414 solet,
907 3349 1051 3419 Didymus.
1063 3348 1193 3404 -Porro
1212 3365 1274 3404 cum
1292 3349 1324 3404 ir.
1342 3349 1466 3404 LXXXV

344 3432 789 3587 θ1.Ρο1111161163111666166166111
814 3518 923 3585 glossas
946 3515 1080 3585 peculiari
1104 3515 1196 3586 capite
1220 3515 1465 3587 666661166161666

344 3618 399 3656 non
417 3601 507 3657 credo.
542 3602 663 3656 Primum
688 3601 715 3656 ei
739 3601 889 3670 scriptores
913 3617 1029 3670 qnorum
1052 3601 1081 3654 in
1104 3600 1194 3655 altero
1215 3601 1338 3668 66611616
1364 3617 1465 3670 genere

343 3687 454 3756 glossas
480 3690 658 3742 enarraverat
685 3686 898 3756 Aristophanes.
931 3685 1020 3739 Attici
1051 3685 1132 3739 erant
1159 3685 1270 3739 tantum
1293 3702 1349 3739 non
1372 3701 1466 3741 omnes

345 3780 375 3824 et
393 3770 496 3824 Atticis
514 3769 834 3830 616166161166616116,
861 3769 941 3838 cique
965 3785 1031 3838 pree
1054 3766 1155 3823 6616111
1178 3765 1206 3820 in
1225 3784 1341 3837 quorum
1360 3769 1465 3837 campis
1555 3810 1557 3814 .

343 3854 502 3908 laetissima
518 3852 677 3920 pullulabat
693 3853 848 3922 glossarum
867 3869 946 3920 seges
964 3851 1077 3920 plurImi
1095 3853 1174 3906 erant
1192 3853 1220 3904 ln
1231 3853 1375 3908 vocabulis
1393 3867 1465 3906 mere

344 3937 449 4010 Atticis
468 3927 641 4006 usurpandis.
674 3937 780 3991 Deinde
799 3953 863 3990 rero
880 3953 976 3990 vocem
993 3937 1159 3989 Rtodicccm
1179 3933 1465 4006 (ἄμβων)1ν’λττι-

344 4028 422 4080 καῖς
441 4018 544 4084 λέξεσιν
565 4021 607 4085 tir.
627 4023 660 4074 28
679 4024 779 4089 6186)
799 4019 953 4090 explicasse
965 4019 1179 4087 Aristophanem
1196 4023 1291 4074 narrat
1308 4017 1465 4073 1116116666.

346 4106 435 4171 Quare
453 4107 548 4161 malim
569 4105 689 4168 credere,
707 4103 804 4158 ethos
823 4106 853 4158 et
868 4103 933 4158 aliis
950 4101 1077 4158 omnibns
1095 4100 1467 4175 16611111166111Εει6161616

345 4188 541 4258 Aristophanis
560 4206 629 4259 opns
648 4189 755 4245 dictum
775 4204 850 4252 esse;
875 4203 891 4240 6
908 4189 987 4254 66116
1005 4185 1134 4240 nimIrnm
1150 4181 1263 4252 potiori.
1298 4181 1404 4238 Eadem
1423 4200 1467 4238 16-

344 4273 420 4327 tione
435 4275 564 4340 Pamphili
572 4290 679 4344 quoqne
691 4277 839 4330 universum
851 4269 1018 4340 glossarium
1026 4265 1151 4324 Ἀττικαὶ
1165 4265 1251 4328 λέξεις
1264 4265 1368 4321 alicubi
1379 4267 1468 4332 suilli.
