3344 5126
751 417 769 476 9

202 600 353 669 tenderet
374 600 422 666 ibi
442 601 539 684 plane
561 604 652 665 esset
674 598 822 663 alienus?
865 597 908 662 Et
928 597 963 661 in
984 603 1078 662 tanta
1100 596 1324 662 subsidiorum

203 715 300 797 copia
320 709 486 777 hominem
510 708 655 789 Athenis,
676 707 711 771 in
726 707 800 792 ipsa
813 707 1004 773 litterarum
1018 727 1103 788 arce,
1127 714 1324 788 versantem,

203 845 279 888 cnm
300 826 414 906 posset
435 826 469 886 et
490 817 766 886 commodissimis
794 823 827 882 et
848 839 925 884 vero
948 816 1161 903 amplissimis
1183 817 1235 882 uti
1255 818 1324 902 pri-

85 994 97 1022 ,
204 953 299 998 orum
321 930 468 997 collectis
490 927 664 1008 messibus,
692 926 759 992 tale
781 926 993 1012 potissimum
1014 927 1139 993 adiisse
1161 929 1327 1010 horreum,
1436 963 1439 970 ,

205 1041 240 1106 i'n
267 1061 331 1123 quo
360 1039 447 1123 quod
476 1044 651 1121 quaereret
678 1058 743 1102 non
774 1042 910 1116 extaret,
944 1041 1094 1102 extarent
1124 1057 1203 1103 sane
1223 1039 1328 1103 multa

206 1150 327 1234 quibus
349 1149 399 1214 uti
421 1147 577 1213 nolebat?
620 1145 702 1212 (iras
725 1146 834 1212 credo.

292 1259 356 1325 Sed
378 1263 416 1322 ut
436 1255 533 1338 plane
555 1254 775 1337 intellegatur,
797 1276 858 1320 cur
880 1275 901 1320 a
922 1253 1066 1320 Pollucis
1089 1255 1228 1322 consilio
1249 1257 1329 1322 alie·

206 1369 344 1435 nissima
366 1367 489 1432 fuerint
509 1365 641 1450 Didymi
662 1363 778 1445 lexica,
799 1363 1018 1448 reputandum
1041 1371 1101 1442 est,
1122 1387 1259 1450 prorsus
1282 1365 1331 1431 di-

207 1499 339 1544 versum
364 1483 541 1557 utrumque
571 1473 775 1559 complexum
802 1492 875 1537 esse
903 1475 1138 1540 vocabulorum
1160 1475 1330 1541 ambitum.

207 1586 371 1653 Nimirum
393 1584 529 1666 Polluci,
556 1604 632 1649 cum
658 1583 752 1648 varia
773 1582 862 1647 vitae
883 1581 1046 1675 humanae
1068 1585 1178 1651 officia
1201 1591 1233 1651 et
1255 1587 1332 1652 sub·

210 1697 297 1762 sidia
318 1694 449 1760 curiose
471 1700 560 1760 esset
582 1692 804 1778 expositurus,
827 1714 1041 1776 quaecunque
1057 1693 1101 1759 ad
1115 1715 1330 1777 unamquam-

210 1827 273 1890 qne
285 1805 384 1870 huius
396 1804 555 1869 materiae
566 1808 696 1888 partem
708 1802 911 1886 pertinerent
922 1803 1084 1869 vocabula
1095 1803 1329 1886 conquirenda,

210 1914 400 1998 digerenda,
430 1912 635 1998 explananda
656 1913 761 1992 erant,
791 1911 858 1977 sive
880 1911 939 1976 illa
961 1912 1049 1998 apud
1073 1934 1128 1978 eos
1152 1914 1332 1998 scriptores

211 2046 293 2110 quos
325 2024 361 2089 in
392 2043 534 2089 canones
568 2028 764 2106 receperent
792 2020 1004 2087 Alexandrini
1036 2024 1231 2106 legebantur
1266 2025 1333 2088 sive

210 2136 328 2201 minus.
377 2133 537 2216 Didymus
565 2137 680 2197 contra
708 2151 765 2196 eas
793 2133 1021 2199 tantummodo
1055 2155 1152 2199 voces
1189 2133 1333 2199 rariores

212 2244 408 2330 explicabat,
443 2261 528 2324 quae
550 2241 584 2304 in
606 2240 809 2311 comicorum
831 2261 1009 2325 eorumque
1032 2263 1115 2325 quos
1145 2241 1335 2308 accuratius

211 2353 489 2440 pervestigaverat
518 2351 722 2433 tragicorum
748 2349 871 2416 fabulis
898 2351 1021 2416 alicubi
1058 2372 1121 2416 usu
1151 2353 1336 2417 veniebant.

212 2462 307 2528 Unde
330 2462 364 2525 in
386 2482 424 2526 eo
439 2460 658 2545 potissimum,
681 2481 778 2543 quem
799 2481 860 2525 nos
873 2461 1052 2544 praecipue
1074 2481 1239 2543 curamus,
1259 2459 1333 2526 loco

210 2572 283 2637 fieri
304 2571 373 2636 fere
394 2568 619 2634 necessarium
642 2573 723 2643 erat,
744 2573 782 2633 ut
803 2579 983 2654 apparatus
1008 2570 1150 2636 scaenici
1172 2569 1335 2653 paucissi-

210 2701 283 2746 mae
298 2683 428 2745 tantum
443 2684 556 2763 partes
572 2676 661 2761 apud
675 2677 851 2766 Didymum
867 2679 1051 2763 explicatae
1067 2686 1195 2760 essent;
1217 2699 1333 2762 nempe

209 2790 244 2854 in
272 2789 477 2870 tragicorum
504 2785 627 2852 fabulis
657 2787 748 2852 nulla
783 2788 914 2854 omnino
945 2790 1064 2855 harum
1090 2803 1203 2855 rerum
1232 2787 1336 2852 fiebat

210 2898 342 2980 mentio,
364 2899 397 2963 in
420 2896 599 2962 comoediis
621 2896 824 2978 frequentior
847 2898 980 2980 quidem
1003 2899 1061 2964 sed
1084 2919 1123 2964 ea
1146 2903 1180 2962 et
1196 2897 1335 2962 fortuita

209 3031 325 3092 neque,
347 3012 384 3072 ut
405 3028 466 3092 par
488 3013 547 3088 est,
570 3007 676 3090 plena.
713 3005 776 3072 Sed
792 3016 929 3088 quaeret
943 3008 1086 3073 fortasse
1101 3007 1230 3090 aliquis,
1247 3005 1334 3070 unde

210 3139 270 3201 ego
285 3116 349 3183 hoc
365 3117 478 3198 sciam,
502 3116 702 3181 comicorum
723 3121 853 3180 tantum
875 3123 908 3181 et
928 3117 1131 3199 tragicorum
1154 3121 1330 3201 poetarum

212 3226 290 3298 λέξιν
312 3226 518 3310 complexum
541 3246 613 3291 esse
635 3225 819 3310 Didymum,
847 3248 913 3291 non
936 3227 1016 3291 data
1046 3246 1147 3310 opera
1169 3226 1209 3290 dc
1231 3226 1335 3291 omni·

209 3338 272 3403 bus
299 3338 348 3402 rei
362 3355 364 3360 ·
379 3337 550 3401 scaenicae
579 3335 732 3420 partibus
761 3336 970 3418 quaestiones
998 3337 1198 3416 instituisse3
1235 3357 1333 3418 quam

209 3447 373 3511 rationem
401 3446 471 3510 veri
498 3446 604 3510 simile
632 3452 683 3510 est
714 3453 862 3511 secutum
890 3466 962 3512 esse
986 3445 1242 3530 Aristophanem
1271 3446 1333 3530 By-

208 3556 365 3637 santium,
389 3554 483 3619 cuius
499 3554 603 3619 lexico
619 3555 724 3619 multa
745 3556 844 3620 debet
864 3555 1034 3639 Didymus.
1079 3553 1142 3618 Sed
1166 3560 1257 3619 certa
1279 3575 1333 3619 res

211 3673 269 3730 est.
314 3663 443 3729 Scimus
465 3663 620 3728 nimirum
650 3682 761 3728 omnes
788 3668 863 3747 post
890 3670 1006 3728 acutas
1030 3661 1204 3728 Schmidtii
1235 3687 1334 3748 quae-

212 3774 345 3856 stiones,
368 3796 407 3840 ex
421 3774 553 3859 Didymi
570 3777 799 3838 commentariis
820 3763 938 3856 postea
954 3772 1084 3836 demum
1101 3772 1242 3838 conflata
1258 3795 1331 3840 esse

210 3883 269 3948 illa
290 3884 396 3948 lexica
409 3890 450 3964 ¹);
479 3883 649 3964 intelleges
675 3881 785 3964 igitur,
813 3881 879 3946 nisi
905 3882 991 3947 forte
1020 3881 1055 3947 in
1076 3890 1272 3948 transcursu
1293 3905 1334 3948 ne

210 4013 237 4020 -
244 4013 413 4022 ----—-—.-

298 4070 323 4132 1)
337 4065 467 4122 Dubitari
483 4070 589 4137 potest,
607 4069 699 4120 utrum
718 4065 753 4120 ab
771 4066 832 4136 ipso
849 4067 969 4138 Didymo
994 4085 1029 4122 an
1048 4067 1082 4122 ab
1100 4067 1177 4138 illius
1195 4065 1334 4136 discipulo

211 4149 306 4219 aliquo
323 4149 352 4204 in
370 4151 460 4206 lexico
477 4150 588 4220 digesta
611 4151 649 4206 sit
672 4166 741 4220 quae
763 4150 792 4205 in
816 4151 1022 4207 commentariis
1044 4151 1164 4222 primum
1188 4151 1334 4221 proposita

211 4239 272 4288 arat
290 4234 432 4290 doctrina:
451 4236 485 4288 cf.
506 4235 601 4302 Bergk.
619 4234 710 4289 annal.
728 4234 827 4305 philol.
849 4235 915 4288 1868
932 4253 960 4306 p.
979 4239 1028 4289 aot
1048 4235 1110 4289 adn.
1126 4237 1165 4288 ll.
1194 4235 1333 4290 AThcoce

212 4318 257 4380 (de
276 4335 330 4388 qno
354 4319 388 4372 cl.
408 4321 519 4374 Atreus.
544 4318 633 4376 bucol.
651 4335 692 4388 gr.
710 4318 739 4372 Il
757 4335 783 4387 p.
801 4318 1040 4374 XXVIII-XXX.
1079 4319 1164 4373 leotz.
1182 4317 1333 4376 Herodian.
