3344 5126
907 413 946 473 32

452 593 627 660 Cretensem
663 588 741 653 item
782 589 885 655 fuisse
924 589 1006 656 dicit
1040 590 1255 676 Pyrrhichum
1291 591 1491 678 pyrrhichae

369 699 593 779 inventorem
617 703 731 763 contra
746 702 900 765 Laconem
915 700 1055 766 eundem
1070 707 1166 766 vocat
1180 701 1368 768 Athenaeus
1384 709 1446 770 630
1454 703 1491 768 Ε.

368 809 459 874 Haeo
493 814 606 874 tamen
639 807 816 874 diversitas
850 809 1013 893 quomodo
1049 810 1093 875 sit
1123 810 1319 893 explicanda
1350 813 1490 895 posthac

367 918 567 998 videbimus3
589 938 677 982 nune
698 917 734 982 id
755 919 903 1000 monebo,
926 939 999 984 eam
1021 919 1065 984 ad
1086 923 1233 984 nostram
1265 922 1491 1004 quaestionem

370 1027 618 1114 dijudicandam
645 1026 729 1091 nihil
756 1027 874 1094 facere.
918 1027 1025 1094 Unum
1055 1048 1190 1112 possum
1217 1027 1365 1095 adicere:
1394 1052 1491 1114 quem

368 1137 559 1203 Athenaeus
569 1135 644 1201 't30
666 1135 695 1200 A
717 1141 953 1203 commemorat
977 1136 1167 1219 διποδισμόν,
1195 1159 1270 1203 aum
1298 1160 1363 1204 non
1385 1140 1492 1206 diver·

370 1267 443 1312 sum
478 1265 551 1312 esse
585 1264 606 1309 a
640 1239 762 1329 διποδίᾳ
791 1265 890 1329 quam
922 1246 1121 1312 Laconicam
1155 1246 1365 1313 saltationem
1397 1254 1495 1314 vocat

369 1355 484 1422 Pollux
518 1355 536 1439 ς
566 1357 642 1434 101;
682 1353 745 1420 hac
779 1362 893 1441 aperte
930 1356 1134 1422 demonstrat
1172 1356 1330 1442 Hesychii
1365 1357 1494 1440 glossa:

371 1459 508 1529 διποδία·
532 1462 689 1547 ὀρχήσεως
712 1460 793 1536 εἶδος
818 1501 861 1513 -
885 1461 914 1528 οἱ
937 1466 971 1530 δὲ
993 1465 1181 1550 διποδισμός·
1204 1459 1256 1528 καὶ
1279 1461 1360 1536 εἶδος
1385 1465 1494 1530 Λακω-

372 1579 454 1657 νικῆς
481 1572 649 1657 ὀρχήσεως.
694 1573 897 1656 Comparate
918 1575 981 1642 hac
1004 1576 1116 1658 glossa
1137 1597 1212 1641 cum
1234 1575 1401 1642 Athenaeo
1422 1576 1496 1642 Pol-

372 1683 527 1766 luceque,
556 1683 669 1747 statim
697 1683 895 1769 perspicies,
931 1683 1171 1767 Diogenianum
1198 1705 1238 1750 ex
1266 1685 1355 1750 fonte
1383 1685 1495 1769 aliquo

376 1792 529 1859 hausisse
552 1790 720 1858 simillimo
742 1797 843 1877 atque
863 1793 1043 1871 Pollucem,
1066 1793 1125 1858 sed
1152 1794 1298 1877 pleniore
1326 1794 1497 1879 aliquanto

373 1910 473 1987 atque
495 1901 545 1967 ita
566 1906 767 1983 comparato,
798 1905 836 1968 ut
857 1901 1018 1966 Athenaei
1039 1922 1170 1985 quoque
1192 1901 1379 1969 doctrinam
1406 1925 1496 1971 aom-

373 2013 588 2098 plecteretur:
624 2015 730 2076 totum
758 2011 886 2094 recepit
911 2010 1148 2094 Diogenianus,
1188 2012 1239 2078 vel
1269 2013 1340 2078 eius
1370 2019 1496 2096 auctor,

374 2121 547 2187 dimidiam
567 2125 712 2203 partem,
741 2121 799 2186 sed
828 2112 992 2188 diversam
1014 2126 1166 2205 uterque,
1196 2127 1229 2187 et
1254 2121 1443 2190 Athenaeus
1465 2129 1500 2190 et

375 2229 500 2296 Pollux.
522 2267 563 2279 -

460 2339 613 2405 Vidimus
628 2338 741 2423 igitur,
762 2339 796 2403 in
819 2357 1018 2420 organorum
1033 2339 1279 2406 enumeratione
1293 2340 1384 2407 haud
1399 2341 1499 2408 dubie

378 2449 516 2516 eundem
540 2453 642 2532 atque
664 2446 833 2514 Pollucem
865 2446 982 2512 ducem
1010 2453 1159 2513 secutum
1188 2469 1261 2515 esse
1287 2450 1492 2516 Athenaeum

377 2560 465 2625 idem
479 2559 513 2624 in
523 2558 711 2625 universum
723 2557 763 2622 de
780 2556 993 2622 saltationum
1008 2556 1218 2623 enarratione
1232 2560 1355 2640 poterit
1368 2559 1500 2643 praedi·

379 2667 459 2748 cari,
481 2668 546 2732 nisi
563 2667 652 2750 quod
672 2666 736 2732 hac
751 2667 836 2730 inre
851 2664 1007 2730 nonnulla
1028 2672 1156 2732 restare
1171 2667 1392 2735 intelleximus
1415 2689 1500 2752 quae

378 2776 631 2843 haesitationem
652 2781 812 2843 moveant.
860 2773 936 2840 lam
965 2775 1189 2855 quaerendum
1218 2784 1283 2860 est,
1308 2798 1387 2844 num
1414 2778 1499 2844 forte

379 2886 501 2971 quibus
538 2886 573 2952 in
607 2884 836 2952 instrumentis
872 2879 1010 2950 musicii
1047 2884 1276 2954 describendis
1311 2887 1500 2954 Athenaeus

379 3000 525 3062 usussit
548 2995 708 3080 subsidiis
729 2995 837 3081 possit
857 2994 1088 3060 demonstrari.

902 3315 983 3410 HI.

465 3558 603 3624 Dixerat
623 3557 813 3622 Athenaeus·
834 3556 879 3622 IV
901 3578 928 3622 a.
945 3562 985 3622 75
1008 3557 1048 3621 de
1070 3555 1230 3644 hydraule
1253 3563 1286 3623 et
1308 3580 1346 3624 eo
1369 3558 1502 3642 quidem

381 3666 520 3757 consilio
549 3672 587 3733 at
621 3667 692 3733 eius
729 3666 851 3732 inventi
886 3666 1018 3733 laudem
1052 3670 1276 3733 Alexandrinis
1308 3667 1501 3734 vindicaret.

381 3775 456 3842 Jam
470 3777 580 3859 pergit
602 3797 630 3842 c.
653 3782 707 3844 76:
731 3772 926 3861 γιγγραΐνοισι
948 3777 1005 3860 γὰρ
1028 3773 1057 3838 οἱ
1079 3772 1218 3845 Φοίνικες
1234 3775 1371 3860 ἐχρῶντο
1393 3775 1500 3848 αὐλοῖς

381 3890 443 3953 eat.
487 3885 577 3964 Quae
599 3906 659 3950 cur
680 3885 735 3953 hic
759 3887 978 3952 adnectantur
1001 3905 1116 3950 sanam
1143 3885 1307 3952 rationem
1333 3887 1386 3952 vix
1414 3886 1504 3971 quis·

381 4015 480 4080 quam
516 3995 641 4078 poterit
683 3995 833 4062 indicare
846 3998 882 4083 1);
923 3994 980 4080 γάρ
1017 4000 1128 4060 autem
1159 3995 1241 4060 illud
1281 3995 1362 4061 mihi
1398 4016 1502 4080 paene

385 4128 488 4243 -ll
497 4127 662 4242 llas-Quod
679 4173 744 4227 inde
763 4173 814 4227 hoc
832 4172 961 4242 intellegi
979 4187 1060 4242 posse
1079 4175 1161 4243 putat
1175 4173 1349 4228 Carantonus
1367 4172 1460 4239 (anim.
1473 4169 1503 4224 in

381 4254 448 4312 Ath.
472 4272 499 4325 p.
521 4257 578 4311 195.
596 4254 684 4323 Lugd.
704 4258 790 4326 1600),
808 4254 882 4325 quod
900 4256 1076 4321 „Athenaeus
1094 4256 1166 4313 nihil
1184 4274 1278 4312 eorum
1290 4253 1410 4311 voluerit
1421 4269 1502 4322 praa·

381 4339 547 4405 termittore,
565 4356 636 4409 qnae
654 4340 681 4394 in
701 4355 734 4394 eo
754 4340 879 4395 convivio
897 4339 974 4396 dicta
991 4341 1095 4396 fuerint
1113 4340 1157 4396 cni
1175 4340 1248 4416 apud
1264 4338 1444 4394 Laurentium
1461 4338 1503 4392 in-
