3344 5126
919 441 961 502 54

316 643 318 654 ¹
408 703 410 706 Ι
464 619 575 684 Veluti
598 642 681 702 quae
704 621 744 685 de
773 641 853 687 voce
883 621 1073 706 κλεψίαμβος
1102 629 1218 687 narrat
1245 624 1429 710 Hesychius
1455 627 1499 690 ad

382 731 521 796 eundem
542 732 597 796 ille
620 731 721 796 refert
750 732 998 812 Aristoxenum,
1027 753 1066 796 ex
1095 754 1159 815 quo
1183 755 1244 798 sua
1265 735 1378 799 hausit
1399 733 1499 799 Athe-

382 861 485 905 naeus
507 843 559 907 vel
581 842 609 906 is
632 843 743 927 potius
767 863 864 926 quem
887 839 1077 907 Athenaeus
1101 845 1291 928 compilavit
1313 844 1358 910 IV
1381 851 1440 911 182
1464 847 1498 911 F.

462 951 601 1035 φώτιγγα
622 953 710 1016 idem
738 972 811 1017 esse
840 952 1093 1016 instrumentum
1122 959 1220 1038 atque
1248 956 1375 1018 λώτινον
1405 955 1499 1019 αὐλόν

376 1083 451 1126 cum
474 1062 583 1128 dicere
605 1062 786 1145 neg-lexerit
807 1062 932 1145 Pollux,
954 1064 987 1148 (ᾗ
1010 1066 1073 1149 74),
1096 1071 1212 1130 narrat
1234 1085 1307 1128 curn
1330 1065 1498 1132 Athenaeo

375 1172 419 1237 IV
444 1176 502 1239 182
526 1173 596 1256 Dis
618 1173 812 1259 Hesychius.
827 1176 851 1259 ¹)

459 1281 652 1349 Athenaeus
674 1283 719 1348 IV
743 1290 801 1350 177
825 1284 907 1350 haec
929 1284 1048 1350 refert:
1070 1280 1206 1368 ἡμίοποι·
1230 1282 1289 1348 εἰσὶ
1312 1287 1334 1349 δ’
1361 1282 1389 1348 οἱ
1406 1285 1495 1349 αὐλοί

374 1392 456 1456 οὗτοι
479 1394 641 1464 ἐλάσσονες
663 1399 724 1457 τῶν
750 1387 886 1458 τελείων.
932 1394 1103 1462 simillime
1130 1395 1329 1482 Hesychius:
1358 1390 1493 1478 ἡμίοποι·

374 1502 403 1567 οί
432 1503 473 1589 μὴ
502 1505 614 1568 τέλειοι
645 1499 734 1568 αὐλοί
766 1510 814 1568 et:
846 1499 985 1586 ἡμίοπος·
1016 1505 1107 1577 αὐλὸς
1136 1507 1151 1569 ὁ
1182 1505 1423 1590 ὑποτεταγμένος
1456 1512 1500 1590 τῷ

372 1611 492 1700 τελείῳ.

457 1764 512 1806 ,-
529 1721 580 1788 καὶ
605 1723 769 1809 ἀγγελικὴν
791 1721 858 1808 παρ’
885 1720 966 1787 οἶνον
987 1719 1114 1808 ἠκμίβον
1136 1723 1279 1810 ’όργησινιι
1301 1726 1492 1792 Athenaeus

371 1825 475 1900 refert
496 1835 570 1899 XIV
594 1840 653 1902 629
670 1834 712 1900 E:
736 1834 909 1918 ,dyyelirh
933 1829 1060 1918 ὄρχησίς
1082 1858 1126 1905 τις
1148 1830 1326 1919 παροίνιος.“
1349 1836 1491 1921 Hesyeh.

454 1944 767 2010 Luculentissimum
808 1945 955 2010 eiusdem
993 1945 1035 2009 ah
1073 1943 1241 2010 Athenaeo
1285 1945 1491 2031 Didymoque

372 2057 517 2120 auctoris
541 2055 684 2121 adhibiti
706 2061 934 2137 argumentum
963 2054 1045 2119 illud
1074 2060 1124 2119 est
1145 2055 1186 2120 de
1208 2051 1313 2140 σκοπῷ
1336 2063 1368 2120 et
1390 2051 1489 2119 σκωπί

372 2166 606 2230 saltationibus
631 2164 718 2246 quod
742 2185 844 2249 supra
865 2166 1024 2249 proposui
1047 2166 1088 2250 (v.
1111 2189 1141 2250 p.
1164 2169 1227 2252 24.)
1252 2169 1266 2252 )

452 2275 564 2341 Etiam
586 2275 668 2339 illud
691 2275 872 2339 communis
892 2274 1017 2338 Polluci
1041 2273 1210 2340 Athenaeo
1227 2277 1364 2362 Didymo
1387 2276 1488 2340 fontis

369 2385 601 2450 documentum
624 2391 761 2450 estnon
783 2386 1033 2468 neglegendum,
1056 2387 1146 2468 quod
1168 2408 1252 2470 quae
1280 2387 1322 2452 de
1351 2380 1487 2472 dipodia

368 2496 544 2561 saltatione
567 2494 713 2560 referunt
735 2495 921 2561 Athenaeus
945 2502 977 2560 et
999 2495 1121 2577 Pollux,
1144 2517 1184 2561 ea
1200 2499 1374 2583 conjuncta
1397 2496 1488 2560 exhi-

366 2605 423 2670 bet
444 2604 644 2689 Hesyohius;
667 2627 732 2687 qua
755 2605 795 2670 de
817 2627 852 2670 re
875 2605 987 2669 monui
1009 2625 1039 2686 p.
1063 2609 1114 2671 29.

450 2714 597 2798 Denique
619 2737 694 2781 cunr
716 2715 819 2780 multa
841 2717 974 2781 nomina
997 2715 1129 2780 omittat
1159 2714 1363 2797 Athenaeus,
1391 2735 1486 2782 enar·

365 2825 525 2890 rationem
549 2826 583 2890 in
606 2827 857 2907 angustissimos
880 2825 961 2891 fines
986 2825 1188 2890 contraxerit
1209 2825 1338 2907 Pollurr,
1362 2826 1480 2890 mirum

365 2957 430 3001 non
452 2936 525 3017 erit,
545 2957 651 3020 neque
671 2936 767 3001 nobis
792 2937 981 3020 scrupulum
1003 2935 1154 3016 movebit,
1182 2935 1269 3017 quod
1299 2957 1337 3000 ex
1366 2937 1481 3021 ampli-

365 3047 479 3112 oribus
501 3046 631 3132 Didymi
653 3048 758 3132 copiis
779 3046 886 3113 lubae
908 3046 1023 3131 procul
1046 3047 1164 3127 dubio,
1190 3046 1247 3110 ubi
1269 3065 1323 3110 res
1346 3046 1483 3129 ferebat,

365 3158 496 3240 plenam
519 3163 551 3222 et
571 3158 734 3239 integram
748 3158 939 3242 recipientis
956 3157 1147 3238 doctrinam,
1168 3155 1367 3237 aliquotiens
1383 3179 1483 3240 quae-

366 3266 441 3330 dam
465 3274 595 3332 servata
618 3273 693 3331 sunt
713 3268 802 3361 apud
818 3269 1028 3353 Hesychium,
1051 3288 1193 3351 quorum
1215 3268 1305 3349 apud
1319 3267 1484 3333 Pollucem

367 3375 633 3459 Athenaeumque
649 3384 706 3441 aut
722 3378 803 3442 nihil
819 3378 949 3443 omnino
967 3384 1142 3462 comparet,
1165 3383 1224 3442 aut
1245 3377 1371 3460 pallida
1387 3399 1484 3460 quae·

366 3487 442 3551 dam
463 3486 673 3552 lineamenta.

451 3597 481 3664 S.
493 3621 522 3663 v.
545 3593 718 3683 παρίαμβος
735 3598 777 3661 ad
794 3603 980 3678 Apollodori
997 3597 1107 3663 locum
1122 3603 1281 3682 provocat
1295 3597 1488 3682 Hesychius,

366 3729 405 3776 ex
427 3710 483 3774 illo
507 3709 597 3774 haud
621 3708 720 3773 dubie
743 3730 840 3793 opere
862 3709 1001 3793 petitum
1024 3707 1113 3792 quod
1134 3706 1208 3770 XIV
1230 3709 1333 3773 636F
1355 3731 1394 3774 ex
1415 3709 1488 3789 ipso

367 3819 504 3905 Didymo
527 3819 569 3902 (v,
592 3843 623 3904 p.
649 3822 705 3905 49)
728 3820 810 3884 citet
832 3819 1031 3883 Athenaeus

365 3972 447 4037 locis,
472 3971 521 4028 uhi
544 3988 598 4026 non
627 3971 804 4041 Pamphilum
834 3971 993 4041 compilavit
1021 3969 1196 4033 Athenaeus,
1226 3967 1275 4022 sed
1304 3967 1389 4038 ipsos,
1420 3984 1489 4037 quos

367 4056 518 4111 communis
536 4059 566 4112 et
582 4056 722 4126 Pamphili
741 4054 944 4125 etDiogeniani
963 4055 1003 4122 (in
1023 4052 1279 4127 Περιεργοπίνιγσιν)
1298 4056 1395 4107 auctor
1407 4069 1487 4122 pree-

368 4143 473 4211 cipum,
493 4141 635 4212 Didymus,
652 4141 682 4195 in
699 4140 794 4196 lexicis
812 4140 869 4195 suis
888 4139 1010 4208 collegit,
1029 4141 1120 4193 sontes
1137 4137 1217 4193 adiit.

435 4227 462 4296 1)
481 4227 653 4283 Athenaeum
671 4225 833 4296 compilavit
850 4223 1015 4280 Eustathius
1033 4240 1059 4293 p.
1081 4226 1156 4289 1¹57,
1175 4225 1217 4277 44.

434 4315 460 4376 2)
484 4311 567 4384 γλαὺξ
589 4310 689 4366 Athen.
714 4310 778 4364 XIV
802 4309 853 4362 629
870 4308 906 4372 F;
925 4307 960 4363 cf.
978 4307 1098 4377 Hesyeh.
1115 4307 1199 4379 γλαίξ
1215 4305 1372 4378 -ἐλέγετο
1392 4307 1421 4360 δὲ
1440 4307 1485 4361 aul

368 4395 480 4466 ὄρχησίς
498 4413 549 4454 τις.
