3344 5126
649 367 789 432 -41

210 552 274 618 hac
298 573 428 634 quoque
451 551 485 615 in
507 554 604 633 parte
626 550 764 614 eundem
787 549 843 614 ille
865 548 982 614 ducem
1005 556 1138 616 secutus
1167 571 1240 618 esse
1263 574 1332 618 cre·

198 663 319 727 datur.
335 661 460 726 Narrat
474 659 589 725 Pollux
603 660 621 744 ξ
641 665 716 724 100:
739 657 897 741 ὄκλασρα·
914 656 993 721 οὕτω
1000 660 1024 743 1)
1040 659 1071 722 ἐν
1086 655 1332 744 Θεσμοφοριαζύ-

211 795 276 842 σαις
306 770 487 854 ὀνομάζεται
516 768 549 832 τὸ
577 767 704 854 ὄρχημα
737 769 771 834 τὸ
804 766 954 854 Περσικὸν
983 763 1034 858 καί
1064 765 1211 834 σύντονον.
1258 769 1332 836 Jam

213 881 327 946 confer
350 880 451 945 schol.
481 879 581 945 Arist.
610 880 738 945 Thcsnr.
761 886 860 945 ¹1175:
891 877 1075 963 βαρβαρικὸν
1104 872 1155 942 καὶ
1186 876 1333 963 Περσικὸν

212 974 496 1074 ὄρχημαὸκλασμα
511 988 664 1071 καλεῖται,
679 984 749 1074 περὶ
775 977 791 1051 ir
811 988 940 1072 Ἰόβας
964 986 1078 1073 μακρὸν
1094 984 1259 1074 πεποίηται
1281 990 1333 1054 λί-

210 1123 262 1184 γον
284 1100 316 1162 ἐν
338 1097 402 1169 τοῖς
425 1095 516 1184 περὶ
539 1103 603 1183 τῆς
628 1099 842 1184 θεατρικῆς
867 1091 1056 1182 ἱστορίας·
1080 1098 1159 1164 ὥστε
1183 1098 1333 1164 λελύσθαι

208 1211 262 1296 τὴν
285 1208 422 1274 Σελεόκο
444 1209 604 1294 πρότασιν·
630 1205 781 1294 προτείνει
802 1210 860 1295 γὰρ
883 1210 915 1273 ἐν
937 1211 980 1294 τῷ
1002 1205 1074 1293 πρὸς
1106 1205 1233 1293 Ζὴνωνα
1260 1233 1332 1294 προ-

207 1299 409 1409 saturabat
432 1317 582 1405 Περσικὸν
610 1318 745 1405 ὄρχημα.
783 1319 907 1386 Ultima
923 1319 1088 1402 adscripsi
1111 1325 1148 1384 ut
1164 1327 1332 1403 propriam

203 1435 306 1502 fuisse
334 1431 443 1498 Jubae
484 1431 576 1496 illam
611 1431 651 1496 de
680 1430 861 1496 oclasmate
892 1430 1076 1497 doctrinam
1111 1431 1331 1518 intellegatur,

205 1552 306 1631 atquc
328 1547 366 1609 ut
387 1541 532 1610 Pollucis
558 1540 622 1608 hac
645 1539 680 1605 iu
702 1563 737 1606 rc
760 1564 835 1607 cum
857 1543 915 1610 illo
938 1561 1119 1610 consensus
1147 1562 1188 1607 ne
1217 1541 1331 1609 fortui-
1401 1590 1403 1594 -

206 1664 260 1725 tus
282 1658 426 1741 putetur.

248 1849 251 1856 Ι
293 1771 412 1843 Quarto
441 1767 553 1828 autem
581 1761 615 1826 in
641 1760 728 1827 libro
759 1767 796 1827 ut
824 1761 865 1827 de
893 1761 1028 1845 organis
1056 1761 1192 1828 musicis
1220 1762 1268 1828 ita
1291 1764 1331 1828 de

211 1875 443 1945 saltationibus
482 1893 612 1956 quoquc
641 1873 750 1954 egisse
781 1871 902 1937 «Iubam
934 1871 1017 1937 haec
1045 1871 1142 1938 docet
1174 1872 1330 1960 Hesychii

205 1990 334 2076 glossa:
356 1985 511 2049 κλώπεια·
535 1977 662 2068 ὄρχησίς
683 2004 727 2052 τις
751 1982 792 2052 ὡς
812 1979 913 2066 Ἰόβας
935 1983 967 2047 ἐν
989 1980 1125 2068 τετάρτῳ
1148 1981 1328 2067 θεατρικῶν.

205 2102 276 2168 Hoc
296 2106 408 2164 tamen
428 2096 537 2179 ipsum
560 2087 714 2161 κλωπείας
737 2111 856 2156 nomeu
878 2093 912 2156 in
927 2091 1070 2160 Pollucis
1085 2095 1329 2160 enumeratione

204 2210 422 2280 desideratur.
448 2204 572 2271 Contra
587 2223 695 2268 meam
710 2201 773 2268 hoc
790 2203 986 2268 sententiam
1001 2202 1110 2268 valere
1127 2203 1328 2286 negaverim

203 2347 280 2392 nam
302 2344 377 2389 cum
398 2319 615 2400 septemdecim
638 2315 807 2378 minimum
829 2311 934 2378 libros
958 2312 1160 2397 complexum
1183 2331 1256 2376 esse
1271 2311 1329 2377 Ju-

203 2438 266 2503 bae
296 2452 378 2517 opus
407 2429 550 2493 sciamus
579 2461 622 2473 -
650 2421 779 2488 111111ιιῐῃ
811 2423 898 2488 enim
933 2420 1054 2486 librum
1090 2424 1124 2485 in
1156 2421 1328 2487 undecimo

202 2543 363 2630 Ἐκλογῶν
385 2537 539 2625 διαφόρων
553 2535 639 2600 libro
656 2532 848 2616 compilavit
863 2531 1002 2616 Sopater
1017 2536 1101 2598 leste
1115 2531 1233 2599 Photio
1249 2531 1329 2598 bibl.

203 2649 466 2736 scriplum
497 2652 536 2713 37
560 2645 620 2710 Bk.
646 2681 690 2693 -
720 2646 800 2726 quot
821 2642 954 2707 nomina
983 2646 1081 2726 putas
1105 2643 1228 2708 omissa
1256 2661 1327 2708 esse

202 2769 236 2833 in
264 2762 462 2831 brevissima
496 2759 639 2842 epitoma
668 2754 799 2838 qualem
827 2750 944 2816 Pollux
976 2753 1144 2820 instituit?
1188 2751 1252 2819 Sed
1287 2772 1326 2817 ne

204 2897 286 2962 opus
310 2871 443 2958 quidem
465 2873 517 2934 est
537 2872 575 2932 ut
595 2865 660 2932 huc
683 2864 926 2946 confugiamus,
955 2883 1030 2930 narn
1059 2884 1168 2928 norton
1198 2867 1327 2928 tontum
1367 2841 1369 2850 ‚

200 2979 358 3072 ,κλωπείας
381 2982 538 3047 omissum
561 2976 671 3057 credo,
692 2995 756 3040 non
778 2975 884 3058 ipsam
908 2971 1051 3039 saltandi
1068 2973 1219 3056 speciem.
1262 2971 1328 3037 Aut

204 3101 290 3164 enim
312 3093 442 3178 egregie
464 3088 562 3154 fallor
585 3092 642 3152 aut
663 3086 747 3152 latet
761 3084 844 3150 haec
867 3084 1006 3146 κλώπεια
1029 3083 1165 3151 saltatio
1189 3084 1250 3150 sub
1266 3081 1325 3150 illa

205 3211 313 3295 specie
335 3224 434 3289 quarn
458 3197 623 3282 μιμητικήν
651 3202 747 3261 vocat
775 3194 929 3279 Pollux§
956 3198 1023 3260 105.
1075 3192 1159 3260 Nam
1188 3193 1327 3258 κλώπεια

203 3318 310 3403 qualis
333 3319 443 3400 potest
464 3312 567 3376 fuisse
584 3309 710 3392 species
727 3308 790 3371 nisi
812 3305 890 3370 talis
912 3307 946 3370 in
969 3326 1034 3388 qua
1045 3311 1167 3385 furtum
1191 3303 1326 3390 aliquod

205 3430 333 3494 mimice
362 3424 463 3490 fuerit
487 3417 791 3504 repraesentatum?
834 3413 1013 3501 Μιμητικήν
1042 3437 1118 3482 voro
1151 3437 1223 3484 carn
1247 3417 1328 3482 dicit

203 3539 319 3605 Pollux
342 3533 542 3620 appellatam
564 3529 666 3594 fuisse
689 3531 717 3592 δι
737 3529 784 3613 ’ἧς
800 3528 945 3609 ἐριμῑνντο
960 3521 1013 3596 ab:
1029 3521 1079 3589 ἐπὶ
1094 3533 1131 3610 τῇ
1146 3528 1246 3610 κλοπῇ
1267 3529 1327 3589 τῶν

204 3651 310 3713 ἑώλων
326 3648 423 3731 κρεῶν
439 3638 646 3724 ἁλισκομέννς.
677 3637 742 3702 Aut
762 3638 862 3720 igitur
878 3638 942 3706 duc
957 3639 1089 3705 nomina
1105 3637 1250 3706 habebat
1264 3635 1326 3704 1100

203 3781 313 3844 genus,
338 3776 477 3840 quorum
493 3752 634 3818 alterum
652 3749 768 3832 selegit
783 3747 906 3831 Pollux,
929 3749 1152 3834 Diogenianus
1176 3747 1327 3832 altorum,

204 3871 390 3937 autminus
414 3868 571 3930 accurate
593 3881 712 3926 nomen
734 3858 893 3925 iudicavit
922 3859 1045 3928 Pollux.
1090 3863 1233 3940 (luorum
1264 3859 1325 3925 hoc

354 4000 405 4008 ...-

274 4065 298 4129 lt
317 4061 405 4116 Τοῦτο
425 4061 554 4114 Meursios
573 4056 606 4111 do
625 4053 699 4110 orclr.
719 4070 745 4123 p.
767 4057 831 4107 1275
851 4053 979 4120 (Gronov.
997 4055 1070 4112 thos.
1089 4055 1169 4122 vlu>
1188 4057 1217 4111 ot
1233 4059 1325 4108 Krou-

202 4157 258 4206 sius
275 4150 374 4220 Gymn.
392 4162 420 4201 u.
438 4145 526 4214 Agon.
543 4140 575 4196 11
594 4144 653 4205 820,
669 4145 698 4205 73
717 4138 762 4194 vix
775 4141 862 4194 recto.
891 4139 1004 4196 Malim:
1023 4135 1112 4215 1,οὕτω
1132 4141 1181 4213 γὰρ
1194 4139 1231 4192 τὸ
1252 4137 1278 4192 ἐν
1294 4137 1324 4195 11.

205 4237 364 4305 ὀνομάζεται
383 4231 492 4300 ὄρχημο.
510 4228 541 4281 τὸ
562 4223 627 4290 11.“;
646 4225 676 4278 τὸ
696 4224 744 4278 1110
763 4221 943 4292 transposito.

272 4326 361 4398 2101.
381 4325 472 4388 bears.
490 4326 647 4387 Aristarchi
665 4345 691 4400 p.
711 4331 760 4382 211
781 4340 821 4398 sq.
840 4323 883 4382 cd.
902 4323 939 4386 11.
