3344 5126
899 398 942 470 76Ι

360 579 447 662 regis
486 579 667 664 πολυγράφυ
706 578 838 659 librum,
882 598 981 660 quam
1025 575 1134 658 ipsam
1176 575 1265 640 illam
1301 579 1478 642 scaenicum

361 689 535 755 historiam
557 689 742 754 adhibitum
758 709 832 754 esse
854 689 896 754 ab
919 687 1100 752 Amaranto
1122 685 1318 751 credamus?
1338 685 1478 750 Videtur

361 799 462 882 igitur
484 800 568 866 Iuba
593 819 654 864 sua
675 797 783 881 ipsius
806 798 846 862 de
861 796 1047 863 artificibus
1065 795 1225 861 scaenicis
1242 795 1479 878 epigrammata

360 909 452 975 libris
478 910 546 975 suis
571 929 631 991 pro
654 929 689 973 re
711 914 791 974 nata
817 908 1017 989 intexuisse3
1040 906 1075 970 id
1098 903 1186 989 quod
1208 905 1379 970 Laertium
1400 903 1478 970 Dio·

359 1041 473 1102 genem
495 1019 529 1083 111
551 1018 638 1085 Vitis
661 1015 937 1103 Philosophorum
959 1017 1077 1084 fecisse
1100 1020 1253 1101 constat,
1284 1015 1323 1079 114
1345 1013 1477 1081 Lobone

360 1129 479 1210 Argivo
512 1127 616 1194 simile
651 1127 731 1211 quid
768 1128 958 1213 suspicatur
986 1128 1042 1194 Th.
1069 1125 1230 1208 Berghius
1265 1125 1324 1209 lyr.
1354 1145 1400 1206 gr.
1429 1122 1477 1188 ed.

359 1239 417 1322 III.
439 1263 470 1322 p.
496 1245 566 1306 607.
611 1239 714 1305 Porro
737 1239 794 1320 qui
823 1239 914 1323 apud
935 1238 1141 1304 Athenaeum
1165 1241 1255 1302 extat
1278 1236 1362 1300 alter
1384 1235 1476 1300 loeus

360 1371 399 1416 ex
413 1349 593 1414 Amaranto
608 1349 863 1433 transscriptus,
879 1351 908 1414 X
925 1357 983 1414 414
1002 1351 1134 1414 11-415
1146 1348 1180 1426 Β,
1203 1347 1243 1431 14,
1258 1345 1324 1410 nisi
1345 1345 1472 1428 egregie

282 1501 284 1504 -
358 1459 462 1541 fallor,
484 1460 564 1524 item
585 1459 680 1524 fluxit
703 1480 741 1523 ex
762 1458 865 1523 Iubae
881 1459 1022 1528 historia
1045 1458 1208 1526 theatrali.
1237 1457 1384 1523 Primum
1406 1476 1474 1521 mo-

359 1569 501 1636 nendum
525 1576 586 1651 est,
611 1591 695 1653 quos
711 1567 778 1630 illic
800 1569 956 1637 laudatos
971 1569 1154 1636 invenimus
1169 1575 1303 1653 practer
1320 1568 1477 1630 Amaran-

357 1687 428 1746 tum
452 1686 615 1761 auctores,
638 1680 813 1745 Nestorem
836 1679 1031 1746 Tarsensem
1053 1687 1087 1746 et
1108 1679 1333 1763 Posidippum,
1364 1699 1476 1745 eorum

357 1789 477 1874 prioris
506 1797 596 1856 certe
622 1794 691 1874 jam
720 1790 761 1855 ab
792 1790 981 1871 Amaranto,
1010 1791 1125 1874 procul
1156 1789 1265 1868 dubio,
1288 1788 1478 1872 appositam

357 1887 464 1965 fuisse
494 1901 739 1966 auctoritatem.
782 1901 853 1966 Iam
878 1921 953 1968 vero
975 1904 1068 1986 ipsas
1090 1901 1165 1966 illas
1189 1900 1228 1964 de
1251 1899 1422 1966 Herodoro
1445 1905 1479 1962 et

360 2010 496 2092 Agleide
526 2009 673 2093 fabellas,
703 2031 743 2074 ex
772 2011 953 2078 Amaranto
984 2016 1139 2077 enotatas
1167 2011 1208 2076 ab
1238 2010 1416 2091 Athenaeo,
1439 2031 1477 2073 ex

359 2119 474 2202 eodem
497 2128 611 2202 aperte
634 2125 734 2204 atque
756 2122 959 2188 Amarantus
982 2122 1072 2190 fonte
1094 2121 1211 2187 Pollux
1226 2119 1348 2199 hausit,
1370 2119 1414 2184 lV
1428 2126 1477 2184 89.

359 2236 407 2296 90.
451 2229 634 2308 Quominus
666 2232 750 2296 euim
783 2253 821 2296 ex
848 2233 921 2314 ipso
945 2232 1125 2297 Amaranto
1155 2230 1320 2297 Pollucem
1344 2249 1477 2312 quoque

356 2339 431 2404 illas
455 2341 672 2424 exscripsisse
695 2343 855 2426 dicamus,
878 2340 1032 2424 prohibet
1061 2340 1191 2407 diversa
1214 2338 1415 2424 quibusdam
1443 2339 1476 2404 in

356 2450 457 2516 rebus
480 2450 624 2517 Pollucis
646 2451 872 2536 Athenaeique
896 2452 1054 2517 narratio.
1100 2449 1224 2518 Contra
1254 2452 1282 2518 si
1312 2449 1474 2516 communi

357 2561 447 2627 fonte
470 2584 551 2627 usos
575 2581 648 2628 esse
672 2565 853 2629 statuimus
875 2563 1041 2630 Pollucem
1070 2564 1361 2646 Amarantumque,
1384 2560 1476 2626 facil-

357 2671 433 2737 lime
461 2671 678 2754 intellegitur,
712 2674 798 2739 unde
828 2680 921 2742 ortae
945 2672 1012 2737 sint
1034 2671 1109 2737 illae
1139 2673 1367 2751 diversitates,
1396 2691 1474 2735 enu-

357 2789 504 2848 meratae
534 2804 554 2846 a
584 2788 764 2850 Cosauhorro
796 2785 894 2849 anim.
917 2782 960 2848 ad
984 2781 1058 2849 Ath.
1087 2805 1117 2865 p.
1142 2789 1212 2850 446.
1258 2780 1474 2848 Leviusculae

358 2893 444 2960 enim
468 2898 554 2972 sunt,
580 2899 613 2957 et
634 2893 667 2955 111
692 2895 837 2959 numeris
853 2892 1046 2977 plerumque
1063 2898 1248 2975 versantur,
1272 2913 1357 2975 quos
1380 2913 1473 2958 nemo

358 3003 465 3069 nescit
497 3002 530 3066 in
560 3003 722 3069 eiusmodi
756 3002 1016 3069 narratiunculis
1052 3023 1169 3086 parum
1202 3008 1357 3068 accurate
1387 3002 1475 3068 tradi

349 3113 417 3178 sed
444 3113 528 3177 inter
556 3114 806 3197 propagandum
830 3133 978 3177 crescere
1005 3121 1184 3196 „tanquam
1215 3114 1344 3180 savum“
1368 3120 1406 3179 ut
1427 3112 1475 3176 ait

357 3222 419 3287 ille.
463 3223 533 3288 Iam
557 3243 632 3288 vero
656 3224 746 3305 apud
769 3229 926 3288 Pollucem
949 3246 1035 3308 quae
1055 3221 1473 3308 Ι114444411411111144141141-

357 3330 417 3411 las,
440 3352 601 3414 quaeque,
624 3332 757 3416 dempta
781 3332 913 3415 quidem
937 3334 976 3397 de
998 3334 1219 3417 praeconibus
1236 3333 1471 3417 disputatione,

293 3473 295 3477 v
357 3441 557 3522 insecuntur,
580 3463 617 3505 41
640 3449 718 3508 Iaho
732 3441 954 3527 transscripta
970 3465 1043 3508 esse
1061 3445 1298 3526 demonstravi3
1320 3451 1473 3509 Aramum-

359 3563 420 3616 144
451 3573 585 3636 quoque
613 3552 746 3617 aliunde
770 3552 892 3618 scimus
919 3553 1023 3618 Iubae
1045 3554 1138 3619 libris
1162 3577 1259 3619 usum
1282 3576 1370 3620 esse:
1394 3554 1473 3638 quid

357 3662 460 3744 igitur
479 3663 551 3727 ueri
568 3663 717 3742 similius,
740 3684 839 3747 quam
862 3661 942 3728 haec
958 3685 1089 3748 quoque
1113 3663 1303 3746 ἀκουσμάτια
1319 3686 1357 3728 ex
1370 3666 1473 3731 Iubae

356 3771 500 3838 historia
521 3773 677 3838 theatrali
699 3780 888 3840 mutuatum
912 3797 985 3841 esse
1008 3782 1184 3858 utrumque
1207 3777 1398 3840 auctorem?

444 3882 596 3949 Ceterum
620 3905 652 3948 re
675 3883 820 3966 paullum
844 3885 1012 3968 pensitato
1033 3892 1191 3950 Nestorem
1218 3887 1310 3951 illum
1337 3908 1402 3953 nou
1425 3887 1473 3949 111-

359 3993 554 4058 tercessisse
577 3995 662 4057 inter
686 3995 901 4061 Amarantum
916 3997 1099 4078 Iubamque
1117 3997 1174 4062 sed
1198 3997 1263 4079 ipsi
1285 3998 1388 4063 Iubae
1411 3997 1471 4062 has

360 4104 631 4169 narratiunculas
662 4106 857 4188 praebuisse
881 4108 988 4190 quivis
1011 4106 1193 4189 intelleget,
1217 4107 1349 4173 credere
1372 4108 1474 4191 igitur

359 4216 477 4296 malim,
500 4221 578 4280 ante
593 4216 708 4281 Iubam
724 4215 846 4281 vixisse
867 4217 969 4299 illum,
992 4239 1091 4300 quam
1106 4218 1182 4301 ipsa
1199 4219 1341 4300 Augusti
1355 4224 1473 4296 aetate,

361 4331 399 4390 ut
422 4347 497 4392 cum
519 4333 748 4395 Weslermuono
772 4326 813 4392 ad
829 4327 925 4395 Voss.
949 4325 1024 4394 hist.
1047 4349 1093 4412 gr.
1115 4351 1145 4417 p.
1167 4333 1229 4396 220
1246 4334 1359 4396 censet
1373 4335 1473 4412 Koep·
