3344 5126
756 403 797 464 89

298 581 496 664 Ubicunque
520 585 632 646 autem
655 581 763 647 Rufus
787 602 808 645 a
829 581 920 648 nuda
947 583 1114 649 nominum
1137 585 1336 649 enumerati-

214 701 279 758 one
306 690 349 755 ad
375 692 537 757 medicam
566 691 801 774 experientiam
823 692 935 776 paullo
957 690 1066 757 fusius
1096 693 1336 777 explanandam

214 784 367 882 deflectit,
392 801 439 868 ibi
460 801 578 867 Pollux
598 801 765 867 doctiores
793 801 862 866 eius
885 801 1129 884 disputationes
1157 808 1217 868 aut
1237 803 1336 888 plane

146 931 150 940 ·
214 912 382 979 transilire
414 913 500 978 solet
519 918 581 978 eut
608 916 697 976 certe
723 910 842 976 misere
870 896 1104 978 contruncare:
1133 913 1222 978 velut
1247 934 1335 982 com-

213 1028 374 1106 parentur
398 1042 472 1086 eum
487 1019 656 1112 parilibus
673 1020 818 1086 Pollucis
840 1021 1032 1104 regionibus
1055 1021 1089 1086 hi
1105 1021 1180 1087 Rufi
1200 1023 1280 1090 loci:
1302 1046 1335 1108 p.

215 1138 266 1198 34.
299 1137 348 1197 35.
378 1137 429 1197 42:
459 1137 499 1196 43
529 1137 609 1197 extr.
637 1137 685 1196 44.
715 1138 764 1197 65.
805 1129 974 1212 Nimirum,
1003 1133 1047 1198 ad
1073 1133 1216 1198 Enniani
1243 1134 1334 1201 illius

215 1241 418 1325 Neoptolemi
447 1240 638 1325 exemplum,
667 1241 845 1323 degustare
875 1229 1001 1325 aliquid
1028 1231 1067 1308 ex
1093 1242 1245 1309 doctrina
1268 1265 1335 1309 me-

216 1351 290 1416 dica
322 1351 428 1434 magis
462 1350 579 1416 Pollux
612 1357 645 1416 et
673 1372 708 1416 se
738 1357 772 1417 et
802 1352 855 1415 cui
883 1351 1003 1418 librum
1032 1374 1129 1418 suum
1158 1352 1336 1420 dedicabat

214 1461 488 1543 augustissimum
511 1461 668 1527 lectorem
690 1459 806 1526 decere
828 1461 979 1545 putabat,
1007 1483 1107 1544 quarn
1128 1464 1163 1527 in
1185 1464 1260 1548 ipsa
1281 1485 1334 1529 ar-

215 1573 259 1637 tis
289 1573 391 1654 adyta
422 1591 457 1636 se
484 1569 698 1652 ingurgitare.
749 1570 813 1637 Sed
840 1572 952 1636 acrius
989 1572 1244 1656 vituperandum
1274 1581 1335 1656 est,

216 1682 306 1764 quod
334 1703 433 1766 saepe
460 1687 529 1745 tarn
552 1680 762 1762 neglegenter
784 1680 906 1745 Rufum
930 1703 1026 1746 suum
1056 1681 1209 1766 inspexit,
1237 1689 1276 1749 ut
1302 1691 1335 1749 et

214 1793 323 1858 minus
353 1797 519 1869 accurate,
549 1796 583 1854 et
612 1811 689 1856 vero
712 1789 811 1855 etiam
834 1811 990 1874 perverse
1019 1789 1109 1856 haud
1138 1813 1214 1858 raro
1244 1793 1334 1858 illius

129 1937 131 1942 ·
215 1903 412 1987 exprimeret
435 1900 626 1966 sententias.
670 1897 741 1962 Tali
756 1898 979 1980 neglegentiae
1002 1921 1041 1966 ea
1064 1901 1226 1969 debentur
1248 1925 1334 1987 quae

216 2015 255 2079 de
273 2009 421 2097 στομάχῳ
442 2009 694 2094 perversissima
708 2008 863 2090 leguntur
885 2009 903 2092 β
926 2013 995 2074 201.
1018 2016 1089 2077 202.
1133 2014 1184 2094 (cf.
1206 2015 1281 2080 Rus.
1301 2038 1334 2100 p.

216 2131 264 2190 37.
288 2125 361 2210 60.),
385 2123 424 2186 de
437 2122 536 2206 ὑπήνη
560 2123 578 2205 §
603 2125 642 2185 80
666 2118 717 2200 (cf.
740 2118 815 2183 Rus.
838 2141 869 2202 p.
890 2122 962 2198 27.),
985 2118 1024 2183 de
1035 2121 1098 2207 ἥβη
1122 2124 1139 2206 β
1165 2129 1225 2190 170
1247 2124 1335 2210 (Rus.

214 2256 244 2318 p.
269 2235 323 2319 31)
347 2231 387 2296 de
409 2230 495 2297 oculi
518 2229 639 2294 tunicis
663 2230 680 2312 β
704 2230 752 2292 71.
783 2228 835 2322 (ci.
858 2228 932 2292 Ruf.
953 2252 983 2313 p.
1008 2234 1118 2328 360sq.
1140 2253 1171 2314 p.
1196 2235 1270 2319 bb),
1294 2235 1334 2300 de

216 2345 316 2428 νηοτει
338 2344 356 2426 β
378 2345 440 2407 208
463 2341 565 2430 (R4p.
588 2342 651 2424 38),
674 2344 793 2404 cetera.
903 2399 906 2405 .

216 2495 254 2549 sit
271 2494 344 2564 qnod
363 2492 524 2561 conjectura
543 2493 686 2545 assecutus
705 2492 748 2543 est
765 2489 999 2558 Jungermannns:
1025 2491 1118 2561 αὐτήν,
1143 2493 1256 2548 docebit
1272 2495 1335 2551 Rufi

215 2579 379 2649 comparatio
403 2595 428 2646 p.
453 2579 496 2633 39.
517 2606 546 2614 -
565 2575 617 2628 Pro
637 2576 718 2645 μέρος
737 2575 752 2640 β
772 2577 820 2626 170
845 2572 937 2628 nescio
960 2591 994 2628 an
1012 2575 1085 2631 forte
1104 2577 1278 2633 scribendum
1297 2581 1334 2634 sit

215 2665 303 2737 δέρος
327 2664 413 2736 δέρμα
434 2661 521 2715 Rufus
544 2677 571 2729 p.
596 2663 636 2715 51.
664 2660 730 2726 -ς
752 2661 800 2712 176
818 2659 888 2714 haec
906 2659 1037 2715 exhibent
1053 2665 1162 2717 veteres
1180 2664 1333 2720 editiones:

216 2749 267 2802 είοί
284 2746 305 2800 δ’
317 2749 360 2802 ἐπὶ
378 2748 441 2805 τοὺς
459 2747 569 2817 μηροὺς,
593 2745 645 2796 ὑπὸ
665 2746 727 2802 τοὺς
745 2743 889 2813 χλοίτους,
916 2744 1064 2813 βουβῶνες;
1082 2763 1129 2814 pro
1147 2748 1249 2818 quibus
1268 2751 1336 2804 haec
1373 2739 1374 2744 ¹

215 2833 329 2902 praebet
350 2832 506 2887 Bekkerus:
535 2832 570 2882 τὰ
594 2825 614 2880 δ’
640 2823 681 2881 ἐπ’
715 2827 805 2882 αὐτῶν
836 2833 900 2896 (τῶν
930 2827 1140 2898 ὖποχλουτίδων)
1172 2835 1244 2907 παρὰ
1270 2835 1335 2893 τοὺς

8 2939 9 2954 ν
108 2938 110 2944 ·
216 2918 326 2989 μηροὺς,
346 2917 492 2986 βουβῶνες;
516 2931 584 2984 quae
602 2912 711 2969 videtur
729 2911 830 2967 codicis
855 2912 974 2967 Parisini
997 2914 1022 2965 Δ
1034 2913 1169 2984 scriptura
1187 2934 1259 2973 esse.
1279 2918 1335 2972 Sed

216 3001 409 3072 ὑπογλοοτίδες
443 3001 558 3056 minime
594 2998 701 3052 vicinae
733 3000 799 3052 sunt
825 2998 964 3066 βοοβῶαιν,
1009 2998 1123 3052 Accedit
1149 3000 1222 3068 quod
1249 3004 1279 3056 et
1305 3001 1335 3054 in

215 3086 416 3156 lungermanni·
430 3086 555 3140 Palatino
573 3086 666 3155 (quem
685 3081 706 3137 C
724 3084 802 3137 vocat
818 3082 971 3151 Beklrerus)
990 3088 1020 3136 et
1037 3082 1066 3136 in
1079 3083 1199 3138 Kuchnii
1212 3086 1331 3140 Antver·

215 3171 305 3240 piensi
322 3170 508 3240 Vossianoque
533 3169 673 3224 codicibus
695 3168 762 3222 haec
786 3166 890 3235 scripta
908 3169 1020 3220 extant:
1034 3198 1067 3206 -
1081 3168 1281 3239 ὑποχλοοτίδες·
1298 3172 1333 3224 τὰ

216 3255 244 3307 δὲ
277 3255 429 3327 ἔμπροσθεν
460 3257 548 3308 αὐτῶν
580 3254 651 3326 παρὰ
674 3252 737 3309 τοὺς
766 3250 870 3323 μηροὺς
898 3251 1041 3320 βουβῶνες.
1085 3251 1146 3306 Jam
1177 3259 1335 3324 comparata

215 3339 304 3408 priore
321 3340 385 3394 Rufi
403 3340 532 3411 epitoma,
550 3357 576 3409 p.
595 3342 643 3404 33;
661 3337 795 3408 βουβῶνες
814 3335 843 3388 δὲ
861 3336 895 3388 τὰ
913 3335 1065 3408 ἔμπροσθεν
1084 3343 1137 3390 τῶν
1163 3346 1272 3410 μηρῶν,
1297 3339 1331 3391 τὰ
1358 3377 1362 3384 .

218 3425 290 3496 παρὰ
308 3426 357 3496 τὴν
375 3425 452 3497 ἥβην,
470 3428 519 3480 aut
536 3423 640 3494 stupidi
658 3422 756 3478 erroris
773 3420 869 3474 Pollux
892 3420 1092 3476 insimulandus
1110 3421 1175 3488 erit,
1200 3423 1333 3476 aethaeo

216 3509 242 3564 ei
266 3509 402 3578 scriptura
423 3509 578 3570 reddenda:
612 3509 647 3560 τὰ
666 3508 694 3559 δὲ
713 3504 866 3578 ἔμπροσθεν
889 3511 942 3557 τῶν
967 3512 1060 3577 μηρῶν
1078 3507 1150 3576 παρὰ
1174 3506 1224 3577 τὴν
1252 3506 1334 3577 ἥβην.
1426 3557 1433 3571 ,

215 3594 345 3648 Violenta
363 3596 407 3648 est
424 3595 542 3658 sanatio;
569 3593 617 3648 sed
636 3593 683 3660 qui
700 3597 758 3646 tam
777 3590 847 3644 male
866 3587 979 3643 habitus
997 3591 1040 3643 est
1057 3591 1168 3658 tamque
1186 3588 1332 3645 arbitrarie

215 3677 377 3733 immutatus
401 3695 416 3731 a
439 3677 560 3733 librariis
588 3678 666 3731 locus
693 3677 742 3729 aut
770 3674 978 3728 conclamandus
1007 3673 1071 3727 ilico
1099 3677 1155 3739 est,
1184 3675 1232 3728 aut
1260 3673 1332 3728 terro

215 3765 361 3818 sanandus.
374 3794 408 3802 —
420 3763 492 3818 Rufo
510 3780 536 3831 p.
555 3764 601 3816 37:
620 3758 689 3830 αὕτη
707 3759 737 3812 δὲ
755 3758 862 3826 (dextra
879 3757 968 3811 cordis
986 3760 1059 3828 pers)
1083 3758 1128 3811 καὶ
1153 3759 1330 3832 εὐρυαλει-

216 3850 315 3920 οτέρα
325 3855 373 3914 τῆς
386 3849 490 3919 ἑτέρας,
501 3864 548 3916 pro
561 3847 688 3914 corrupto
697 3843 758 3898 illo:
772 3843 988 3917 εὐρυκλειοτέρα,
1001 3843 1067 3912 quid
1080 3843 1118 3896 sit
1128 3841 1331 3897 restituendum

215 3936 330 4004 apparet
343 3932 441 3985 collato
458 3931 574 3997 Polluce,
593 3932 608 4000 ξ
627 3933 691 3984 217:
714 3930 732 3998 ὴ
757 3927 786 3981 δὲ
811 3927 838 3982 ἐν
862 3927 936 3999 δεξιᾷ
962 3926 1074 3996 (κοιλία)
1100 3927 1251 4000 λεπτοτέρα
1274 3930 1331 3998 μὲν,

217 4016 260 4068 ἐπὶ
278 4016 400 4084 μείζονος
418 4015 447 4068 δὲ
465 4021 514 4081 τῆς
533 4014 716 4088 εὐρυχωρίας,
731 4029 828 4083 nempe
847 4013 1147 4085 εὐρυκοιλιωτέρα.
1161 4019 1193 4051 -’
1205 4011 1331 4082 Denique

214 4100 303 4169 juvat,
329 4100 396 4154 haec
421 4098 540 4154 Pollucis
566 4100 664 4165 verba,
692 4103 708 4164 5
739 4101 801 4152 214:
830 4097 902 4169 χολη
920 4129 955 4138 -
972 4100 1004 4150 τὸ
1033 4099 1081 4168 μὲν
1111 4097 1203 4149 στενὸν
1230 4099 1332 4168 αὐχένα

215 4185 381 4252 καλούμενον
400 4185 509 4256 ἔχουσα,
527 4185 558 4234 τὸ
578 4182 607 4236 δὲ
626 4183 728 4255 πλῆρες
745 4181 878 4253 πυθμένα,
896 4198 956 4236 cum
974 4181 1036 4235 Rufi
1053 4181 1135 4250 parili
1151 4182 1209 4236 loco
1226 4197 1331 4250 compe-

216 4285 275 4323 rare
303 4274 339 4338 (p.
365 4272 423 4340 39):
448 4267 545 4320 τούτου
573 4268 602 4320 δὲ
628 4272 685 4335 (τοῦ
709 4275 759 4339 τῆς
782 4268 867 4339 χολῆς
895 4264 1013 4336 ἀγγείου)
1041 4267 1072 4318 τὸ
1106 4266 1207 4334 μέσον
1237 4267 1331 4322 στενὸν

214 4353 312 4428 αὐχήν,
331 4356 363 4407 τὸ
382 4353 411 4407 δὲ
430 4353 505 4404 κάτω
524 4350 644 4424 πυθμήν.
679 4353 808 4424 Apparet,
826 4351 1029 4406 restituendum
1048 4367 1108 4405 esse
1128 4351 1199 4406 Rufo
1217 4352 1275 4421 μέν.
