3344 5126
743 416 783 480 77

201 606 268 666 lctus
292 600 332 666 de
361 599 565 686 hypomnem.
590 621 636 680 gr.
660 599 776 676 (Berol.
809 601 904 685 1842)
933 623 963 684 p.
993 606 1041 666 18.
1062 637 1105 647 -—
1126 601 1188 665 Hic
1218 601 1319 683 igitur

202 710 282 778 crdo
311 717 363 777 est
399 712 553 796 deinceps
586 732 658 776 sese
691 711 960 776 exscribentium:
989 709 1142 776 Nestoris
1171 710 1320 795 θεατρικὰ

201 821 403 906 ὑπομνήματα
418 821 596 905 usurpavit
607 820 698 902 Iuba,
714 819 830 886 Iubam
845 821 1023 902 exscripsit
1033 820 1233 886 Amarantus
1249 816 1319 905 περὶ

200 935 321 1015 σκηνῆς,
332 933 354 1018 ¹)
378 933 596 998 Amarantum
620 930 820 999 Athenaeus.
869 928 919 995 Ne
941 935 1051 995 tamen
1074 931 1149 1014 quis
1172 931 1319 1012 miretur,

199 1042 373 1109 Nestorem
396 1048 686 1109 commemoratum
713 1062 787 1107 esse
810 1041 852 1106 ab
881 1041 1077 1122 Amaranto,
1110 1039 1230 1107 Jubarn
1252 1063 1318 1107 non
1443 1031 1445 1034 ⁵

198 1159 511 1235 commemoratum,
536 1157 690 1219 sexcenta
715 1151 815 1218 huius
837 1152 886 1217 rei
906 1158 1045 1236 praesto
1062 1158 1141 1217 sunt
1163 1152 1318 1236 exempla.

200 1261 311 1328 Veluti
339 1264 396 1345 qui
417 1262 526 1346 ipsam
553 1263 643 1328 illam
678 1263 717 1328 de
739 1261 876 1345 Aglaide
904 1262 1055 1328 fabellam
1082 1285 1121 1326 ex
1149 1263 1319 1330 Athenaeo

199 1373 442 1457 transscripsit,
471 1375 628 1439 Aelianus
659 1393 726 1438 var.
754 1370 831 1438 hist.
858 1372 874 1435 Ι
902 1378 952 1454 26,
975 1377 1172 1454 Posidippum
1193 1369 1319 1454 laudat,

199 1481 310 1565 ipsum
327 1504 424 1566 quem
445 1483 636 1568 compilavit
650 1481 859 1548 Athenaeum
873 1505 939 1549 non
956 1489 1206 1564 commemorat,
1227 1503 1316 1572 ‚quae

201 1612 240 1657 ex
261 1597 379 1658 Beroso
409 1593 536 1678 profert
569 1593 718 1658 Clemens
751 1592 839 1658 Alex.
872 1598 976 1676 protr.
1008 1592 1024 1657 Ι
1054 1598 1072 1658 5
1101 1616 1132 1678 p.
1164 1598 1202 1658 19
1232 1591 1317 1676 Sylb.

204 1722 244 1766 cx
270 1708 369 1768 Iubae
396 1704 584 1788 Assyriacis
613 1702 737 1769 hausta
767 1723 841 1768 esso
869 1723 963 1768 nemo
994 1702 1078 1768 scire
1105 1710 1229 1787 posset,
1251 1705 1315 1769 nisi

200 1833 240 1877 ex
261 1834 328 1878 uno
352 1813 436 1878 Iuba
458 1813 573 1880 Berosi
597 1813 660 1879 sibi
682 1815 813 1881 venisse
833 1811 987 1879 notitiam
1002 1813 1074 1896 ipse
1096 1813 1176 1879 alibi
1191 1820 1315 1891 (strom.

199 1924 215 1986 Ι
237 1945 267 2006 p.
295 1923 371 2012 329)
396 1922 544 1990 Clemens
568 1924 791 2010 profiteretur.

283 2035 331 2098 De
353 2033 539 2103 artificibus
561 2034 663 2116 igitur
685 2032 822 2101 musicis
846 2032 952 2113 egisse
968 2032 1084 2098 Iubam
1100 2035 1167 2100 veri
1192 2035 1317 2100 similli-

198 2167 287 2211 mum
309 2149 374 2226 est3
398 2142 438 2207 de
460 2143 569 2227 poetis
593 2144 753 2208 scaenicis
770 2143 827 2226 qui
850 2147 955 2209 totam
971 2164 1039 2208 rem
1055 2144 1316 2212 consideraverit

198 2256 287 2320 ultro
309 2254 477 2336 largietur.
508 2252 572 2319 Sed
594 2255 706 2322 nescio
723 2274 765 2317 an
788 2273 827 2318 ea
851 2274 984 2336 quoque
1000 2255 1115 2320 umbra
1129 2257 1314 2337 argumenti

199 2367 283 2432 satis
313 2364 446 2448 quidem
468 2365 578 2432 tenuis
602 2387 667 2432 non
689 2385 830 2449 prorsus
861 2364 905 2428 sit
934 2364 1142 2447 neglegenda,
1170 2370 1313 2450 quaein

196 2482 371 2561 poetarum
400 2477 483 2541 adeo
513 2473 655 2540 historia
687 2474 729 2540 ad
753 2480 870 2540 nostra
893 2495 1001 2556 usque
1022 2479 1173 2559 tempora
1193 2499 1314 2562 propa·

196 2586 306 2669 ganda
338 2607 403 2652 non
435 2587 533 2670 plane
565 2584 673 2651 nullas
708 2585 813 2651 fuisse
845 2584 948 2650 lubae
980 2591 1094 2669 partes
1130 2587 1314 2670 significare
1398 2624 1401 2629 ·

198 2698 276 2762 mihi
297 2698 438 2764 videtur.

279 2810 451 2890 Leguntur
481 2807 566 2872 enim
607 2805 687 2871 haec
717 2805 808 2890 apud
837 2811 966 2870 Sutrium
999 2828 1023 2871 s.
1040 2800 1173 2892 Ἴβυκος·
1195 2812 1314 2892 πρῶτος

197 2918 265 3004 εὗρε
304 2919 358 3004 τὴν
392 2917 566 3002 καλυμένην
589 2917 757 3000 σαμβύκην·
794 2911 876 2987 εἶδος
907 2911 998 2979 δ’ἐστὶ
1026 2917 1155 3002 κιθάρας
1177 2921 1314 3004 spirutus.

197 3030 267 3094 Iam
298 3036 406 3095 lutum
436 3029 567 3112 quidem
594 3034 711 3092 narrat
740 3026 931 3093 Athenaeus
953 3027 999 3094 IV
1025 3029 1134 3095 1751)
1163 3035 1314 3112 Syrorum

196 3139 365 3205 inventum
390 3138 513 3204 dixisse
537 3138 746 3219 sambucam3
771 3138 829 3203 sed
852 3160 936 3220 quos
960 3137 1077 3204 deinde
1095 3132 1315 3225 laudat⁰llpsr

198 3254 345 3315 Neanttis
377 3253 528 3331 Cyziceni,
556 3247 598 3313 ad
628 3253 758 3328 Itycum
786 3249 989 3314 inventorem
1011 3249 1093 3315 illud
1115 3251 1316 3316 instrumen-

197 3365 267 3424 tum
289 3360 486 3439 revccautis,
509 3380 566 3425 ecs
589 3378 755 3441 nusquam
778 3357 856 3421 alibi
878 3357 975 3423 citat:
999 3366 1037 3424 ut
1051 3357 1139 3424 hunc
1153 3360 1315 3427 Neanthis

198 3469 306 3536 locum
339 3491 434 3536 nemo
470 3490 573 3534 sanus
611 3467 765 3534 dubitare
802 3469 911 3552 possit
942 3490 982 3533 ex
1009 3474 1086 3535 Iucu
1114 3470 1316 3562 exscriptum

200 3579 318 3647 dicere.
362 3580 433 3646 lam
460 3599 534 3644 oum
564 3577 732 3644 Neanthes
755 3577 811 3644 illo
834 3598 932 3661 opere
956 3601 1022 3668 non
1046 3580 1125 3646 dato
1152 3601 1252 3664 opera
1276 3581 1315 3646 de

200 3693 327 3758 musica
351 3690 595 3776 disceptaverit,
619 3689 676 3755 sed
694 3709 791 3754 raras
813 3694 952 3769 tantum,
974 3711 1035 3773 pro
1058 3689 1106 3754 rei
1127 3697 1259 3771 natura,
1283 3697 1317 3756 et

202 3803 375 3885 diligenter
398 3800 584 3867 enotendas
616 3819 702 3882 quae
730 3796 794 3862 huo
826 3804 978 3882 spectent
1012 3799 1316 3867 animadversiones

200 3913 401 3997 inspersisse
422 3914 595 3996 putandus
620 3910 674 3984 sit,
701 3909 788 3975 forte
810 3910 946 3976 fortuna
975 3910 1081 3992 magis
1109 3932 1209 3994 quam
1237 3933 1317 3994 pru·

201 4021 293 4088 denti
323 4021 462 4088 consilio
491 4026 749 4088 consentaneum
780 4026 832 4085 est
862 4021 987 4086 factum
1017 4041 1101 4106 esse,
1132 4027 1171 4086 ut
1197 4028 1317 4087 auctor

201 4134 330 4217 aliquis,
361 4132 525 4217 peculiare
556 4132 595 4196 de
624 4130 759 4196 musicis
787 4130 918 4196 artibus
949 4153 1033 4215 opus
1056 4133 1260 4214 conditurus,
1282 4135 1317 4198 in

271 4285 298 4357 1)
317 4287 403 4352 Quem
421 4282 528 4348 nescio,
555 4287 648 4339 utrum
668 4288 756 4354 primo
780 4285 842 4353 post
860 4279 924 4336 Chr.
942 4299 968 4338 n.
987 4285 1093 4338 saeculo
1110 4284 1210 4338 vixisse
1230 4284 1316 4342 dicam

201 4388 260 4426 eum
281 4373 410 4425 Atreusr'o
427 4370 515 4426 bucol.
534 4386 574 4438 gr.
592 4370 621 4422 II
638 4387 664 4439 p.
682 4369 779 4434 XXXI,
798 4385 832 4422 an
849 4367 946 4423 altero.
