3344 5126
919 421 960 482 34

380 603 516 682 fatetur,
542 601 599 666 sed
622 622 706 684 quae
731 603 885 686 apposuit
906 609 1082 685 poetarum
1113 603 1379 686 scriptorumque
1407 603 1501 668 testi·

380 713 490 779 monia
512 732 551 775 ea
572 711 777 776 hauddubie
799 712 870 796 ipse
893 714 1056 797 adjecisse
1076 712 1182 777 videri
1203 713 1286 793 vult;
1309 733 1369 796 ego
1392 718 1501 777 tamen

385 824 498 909 quovis
522 823 717 888 contendam
739 822 892 906 pignore,
915 823 998 888 haec
1021 845 1095 888 eum
1117 844 1182 888 non
1203 829 1332 889 tantum
1354 843 1394 887 ex
1414 829 1502 888 vete-

381 937 429 1000 ris
445 933 584 1000 alicuius
600 932 808 1015 grammatici
824 932 918 997 libris
933 934 1197 1018 transscipsisse,
1213 934 1271 998 sed
1286 953 1324 997 cx
1338 932 1421 1015 ipsis
1433 932 1500 999 illis

380 1046 501 1130 quihus
531 1041 676 1108 monauli
709 1042 840 1108 omnino
873 1043 971 1109 debet
999 1045 1166 1126 notitiam,
1204 1049 1305 1108 Jutue
1338 1043 1502 1124 nimirum,

380 1154 607 1222 Mauretaniae
641 1153 744 1235 regie,
786 1153 927 1218 historia
959 1155 1122 1222 theatrali.
1155 1193 1198 1205 -
1233 1155 1343 1220 Possit
1379 1152 1501 1237 aliquis

380 1286 494 1331 revera
528 1263 640 1349 plures
673 1262 877 1328 Athenaeum
916 1265 1121 1329 consuluisse
1155 1265 1390 1347 grammaticos
1424 1265 1501 1330 hinc

383 1373 561 1458 suspicari,
590 1373 677 1456 quod
700 1394 784 1456 quae
807 1373 847 1438 do
871 1369 1009 1458 τιτορίνομ
1033 1375 1118 1458 αὐλῷ
1141 1374 1293 1456 leguntur
1323 1399 1353 1460 p.
1381 1382 1438 1441 176
1467 1375 1501 1458 C,

381 1509 421 1554 ea
443 1484 591 1570 paullum
613 1484 788 1548 immutata
809 1484 947 1549 redeunt
968 1505 999 1566 p.
1024 1487 1084 1554 182
1109 1483 1146 1548 D.
1191 1484 1264 1566 Sed,
1292 1486 1391 1550 crede
1412 1485 1502 1568 mihi,

382 1599 465 1662 haec
488 1595 626 1680 disjecta
641 1599 770 1659 tantum
784 1593 932 1660 membra
955 1600 1032 1659 sunt
1053 1597 1151 1661 unius
1173 1594 1331 1678 corporis.
1361 1594 1503 1676 Logicae

386 1709 473 1774 enim
512 1705 635 1770 rationi
665 1704 749 1770 haec
790 1704 885 1770 unice
923 1706 1073 1771 convenit
1112 1707 1146 1772 in
1180 1705 1404 1771 concludendo
1433 1707 1502 1772 via:

384 1817 567 1900 ,xultpwor
589 1811 682 1877 αὐλόν
703 1833 724 1877 a
745 1813 891 1880 Doribus
913 1815 1040 1882 Italicis
1062 1813 1207 1900 τιτύρινον
1228 1817 1340 1882 vocari
1360 1821 1504 1882 testatur

384 1927 613 1994 Artemidorus
636 1925 714 2007 (182
736 1924 799 2008 1));
822 1946 929 2008 neque
962 1931 1088 2009 pugnat
1116 1947 1190 1991 cum
1222 1926 1285 1992 hoc
1312 1927 1502 1992 testimonio

384 2039 474 2124 quod
495 2034 639 2121 τιτύρινον
662 2033 755 2098 αὐλόν
788 2035 930 2101 alterum
960 2035 1134 2120 μοναύλο
1163 2057 1281 2103 nomen
1312 2056 1385 2102 esse
1414 2034 1503 2100 affir-

383 2150 486 2217 mavit
507 2147 657 2212 Amerias
679 2146 755 2230 (176
779 2144 832 2228 O):
868 2167 945 2212 nam
968 2146 1119 2230 μόναυλον
1142 2149 1281 2214 eundem
1309 2167 1381 2212 esse
1403 2151 1503 2230 atque

385 2256 590 2343 καλαμαύλην
621 2256 740 2342 Hedyli
761 2277 876 2322 versus
906 2259 982 2343 (176
1012 2258 1103 2344 GlD)
1126 2259 1377 2326 demonstrant.“
1427 2256 1503 2323 Noli

384 2371 551 2450 dubitare,
585 2368 665 2452 quin
692 2368 776 2436 haec
802 2368 904 2433 fuerit
931 2367 1028 2434 unius
1057 2368 1147 2433 illius
1182 2391 1279 2452 quem
1315 2369 1504 2435 Athenaeus

384 2480 602 2548 describendo
624 2479 743 2544 misere
766 2478 942 2562 discerpsit
963 2481 1111 2546 auctoris
1132 2480 1374 2546 ratiocionatio.
1409 2480 1503 2545 Hauc

384 2599 494 2659 autem
522 2589 664 2655 fideliter
693 2591 836 2656 servavit
867 2595 1053 2671 Hesychius:
1090 2589 1247 2676 τιτύρινος·
1283 2589 1448 2672 μόναυλος·
1481 2589 1502 2673 ἢ

384 2701 476 2772 αὐλὸς
497 2699 673 2782 καλάμινος.
722 2706 916 2784 Pamphilum
944 2699 1047 2765 luisse
1076 2700 1139 2766 hac
1169 2702 1203 2766 in
1234 2722 1270 2766 re
1299 2720 1502 2767 communem

382 2811 543 2878 Athenaei
566 2815 600 2876 et
620 2810 817 2893 Diogeniani
838 2811 961 2876 fontem
984 2815 1124 2876 annuus
1153 2811 1193 2878 de
1215 2811 1293 2877 Hes.
1317 2832 1348 2894 p.
1375 2817 1444 2896 103,
1466 2818 1504 2879 ut

383 2943 446 3007 par
468 2928 535 3004 est,
559 2921 764 3004 suspicatum
793 2942 860 3005 qua
887 2921 923 2986 id
950 2919 1071 3008 injuria
1097 2918 1201 2984 faciat
1229 2941 1331 3005 supra
1359 2923 1504 3005 exposui.

383 3035 455 3101 Hoc
477 3040 588 3099 tamen
610 3032 847 3097 mathematica
868 3032 937 3098 fere
959 3033 1097 3098 dixerim
1119 3031 1184 3098 fide
1206 3055 1245 3099 ex
1266 3034 1423 3119 Hesychii
1444 3034 1503 3100 illa

382 3143 495 3228 glossa
524 3143 720 3209 concludere
747 3143 877 3226 licebit,
909 3149 1076 3237 rom'uneto
1111 3145 1189 3209 olim
1217 3145 1320 3212 fuisse
1350 3145 1502 3212 Ameriae

380 3253 582 3320 Artemidori
604 3254 722 3340 Hedyli
744 3255 936 3320 testimonia
957 3255 991 3318 in
1012 3276 1073 3320 uno
1097 3267 1240 3341 auctore,
1263 3257 1502 3341 aDiogeniano

379 3365 444 3450 (vel
457 3365 548 3429 illius
563 3365 669 3450 fonte)
692 3365 819 3447 pariter
839 3373 939 3450 atque
961 3366 1004 3430 ab
1020 3366 1188 3432 Athenaeo
1210 3373 1380 3453 usurpato.
1417 3367 1501 3434 Nam

382 3481 536 3543 Athenaei
557 3474 689 3558 quidem
711 3475 807 3540 libris
829 3496 926 3541 usum
948 3496 1022 3541 esse
1050 3477 1250 3563 Hesychium
1278 3499 1373 3543 nemo
1403 3477 1501 3543 facile

381 3589 445 3656 erit
474 3587 530 3673 qui
562 3585 747 3652 contendat.
791 3585 986 3654 Communes
1016 3595 1127 3655 autem
1155 3590 1207 3654 his
1237 3589 1271 3654 in
1299 3589 1399 3654 rebus
1426 3610 1501 3655 cum

378 3699 546 3764 Athenaeo
562 3695 803 3779 Diogenianum
818 3705 972 3764 auctores
988 3707 1137 3766 secutum
1152 3722 1234 3782 esse,
1257 3700 1315 3765 sed
1330 3700 1501 3783 aliquanto

379 3809 509 3873 cautius
525 3813 558 3872 et
572 3806 762 3871 accuratius
779 3816 935 3891 secutum,
957 3811 1046 3877 nullo
1062 3811 1184 3877 clarius
1199 3815 1338 3894 apparet
1353 3809 1501 3894 exemplo

379 3939 478 4002 quam
507 3916 564 3981 illo
595 3917 635 3981 dc
660 3912 762 3980 ,οκονπί
790 3922 824 3984 et
855 3927 959 4006 σκοπῷ
984 3921 1230 4002 saltationibus,
1261 3921 1369 4003 quode
1399 3942 1501 4004 supra

379 4025 555 4110 disputavi.
576 4063 620 4076 -

463 4138 572 4222 Caput
595 4139 697 4221 igitur
719 4146 759 4206 78
783 4147 903 4224 totum,
934 4165 987 4229 me
1008 4145 1037 4208 si
1059 4143 1191 4212 audies,
1219 4149 1321 4210 Juboe
1350 4145 1497 4212 debetur.

380 4249 497 4333 Capita
520 4255 630 4313 antem
654 4255 693 4314 79
717 4255 750 4314 et
772 4257 813 4316 80
837 4253 912 4334 quis
935 4253 1041 4317 eidem
1068 4257 1169 4317 Jubue
1197 4253 1345 4319 tribuere
1369 4255 1500 4322 dubita-

380 4357 451 4424 tit?
497 4360 601 4424 Unum
624 4361 677 4425 hic
698 4362 970 4447 transscripsisse
992 4363 1114 4428 librum
1143 4385 1202 4429 cur
1224 4385 1376 4432 censeam
1399 4366 1500 4432 Athe·
