3344 5126
900 419 942 482 60

356 599 492 684 σχήματι
514 599 621 670 κίονος.
649 639 683 648 -
708 601 757 665 De
785 601 893 667 forma
921 601 1010 666 illius
1038 621 1116 665 arae
1140 601 1238 668 docta
1261 607 1353 668 extat
1375 603 1479 668 adno-

356 711 441 776 tatio
463 711 496 774 in
522 716 613 775 sexto
637 709 740 778 lexico
763 711 902 776 Bekkeri
923 733 954 794 p,
979 714 1038 777 331
1065 735 1112 797 sq.

442 823 490 886 De
513 821 599 888 ἔλεός
623 841 709 903 quae
733 820 830 886 docet
845 819 1029 905 Hesychius
1045 822 1129 889 levia
1154 829 1240 888 sunt.
1286 823 1378 900 Quae
1401 841 1477 887 vero

357 931 431 994 dein
461 929 578 1012 posuit
600 929 729 995 Pollux:
763 931 886 1015 θεωρίς,
909 932 1096 1016 ὑποσκήνιον,
1120 933 1243 1014 κλίσιον,
1265 932 1423 1018 περίακτοι
1445 938 1479 995 et

355 1042 421 1106 alia
436 1040 586 1125 plurima,
611 1061 649 1105 ea
672 1048 835 1124 quantum
851 1063 910 1125 ego
935 1043 1003 1109 scio
1026 1065 1046 1108 a
1070 1044 1160 1111 nullo
1181 1053 1356 1129 praeterea
1370 1063 1478 1124 gram-

355 1151 477 1216 matico
502 1159 808 1217 commemorantur.
1203 1159 1207 1164 ’

439 1261 487 1325 De
510 1261 716 1327 diversarum
738 1262 772 1326 in
797 1278 949 1350 scaenam
967 1262 1237 1346 orchestramque
1259 1284 1478 1348 personarum

357 1372 498 1437 introitu
529 1371 610 1436 haec
632 1379 750 1437 narrat
771 1372 888 1438 Pollux
910 1375 927 1458 ᾗ
953 1378 1020 1438 126.
1047 1379 1114 1438 127.
1135 1373 1360 1457 periactorum
1381 1374 1401 1456 ἡ
1424 1371 1479 1455 μὲν

357 1481 438 1550 δεξιὰ
460 1483 498 1546 τὰ
521 1479 577 1552 ἔξω
599 1482 718 1551 πόλεως
736 1485 863 1565 δηλῦοα,
884 1485 904 1566 ὴ
929 1482 962 1546 δὲ
984 1484 1073 1567 ἑτέρα
1094 1484 1132 1546 τὰ
1154 1485 1188 1546 ἐκ
1211 1485 1345 1563 πόλεως,
1371 1480 1478 1566 μάλισ-

355 1614 393 1652 τα
422 1593 460 1656 τὰ
483 1593 518 1653 ἐκ
542 1590 670 1674 λιμένος.
713 1592 757 1656 Et
780 1594 913 1658 deinde:
942 1597 998 1660 τῶν
1020 1593 1121 1676 μέντοι
1142 1594 1284 1677 παρόδων
1305 1593 1325 1676 ἡ
1350 1591 1404 1676 μέν
1428 1595 1477 1655 δε-

357 1701 403 1771 ξιὰ
429 1699 560 1785 ἀγρόθεν
576 1702 596 1783 ἢ
614 1702 648 1763 ἐκ
672 1702 791 1784 λιμένος
813 1703 884 1786 heu
907 1705 1026 1773 πόλεως
1043 1701 1117 1786 ἄγει·
1139 1701 1167 1766 οἱ
1192 1699 1402 1788 δ’ἀλλαχὸθεν
1424 1726 1478 1765 πε-

357 1809 402 1880 ζοὶ
436 1804 633 1894 ἀφικνέμενοι
661 1812 739 1874 κατὰ
761 1813 815 1895 τὴν
859 1813 965 1896 ἑτέραν
987 1811 1139 1898 εἰσίασιν.Υ
1165 1813 1278 1880 Possit
1306 1812 1409 1892 igitur
1431 1813 1478 1878 vi·

357 1921 426 1984 deri
450 1939 535 2003 quae
556 1927 656 2003 porta
677 1921 712 1985 in
733 1944 879 1987 scaenam
906 1923 1064 2006 producit
1087 1946 1126 1987 ex
1149 1925 1231 1989 urbe
1254 1923 1420 1989 venientes
1438 1943 1476 1986 ea

356 2031 388 2094 in
418 2037 612 2095 orchestram
641 2051 697 2096 eos
720 2032 832 2113 potius
856 2033 1032 2098 admittere
1055 2035 1111 2116 qui
1133 2054 1269 2116 peregre
1292 2033 1478 2098 adveniant.

355 2141 446 2205 Haec
467 2141 494 2204 si
510 2139 574 2204 fuit
590 2140 733 2206 Pollucis
758 2143 877 2224 opinio,
899 2143 1005 2208 falsus
1030 2149 1091 2208 est.
1134 2147 1178 2208 At
1201 2166 1266 2210 non
1282 2143 1387 2208 fuisse
1403 2163 1477 2206 cen-

358 2257 431 2316 sent
454 2251 514 2315 viri
537 2250 643 2331 docti,
674 2249 731 2315 sed
765 2251 897 2316 easdem
919 2275 1034 2318 revera
1057 2253 1205 2334 regiones
1229 2261 1263 2318 et
1293 2255 1326 2317 in
1357 2273 1478 2318 scaena

356 2370 390 2427 et
411 2363 445 2426 in
461 2360 632 2428 orchestra
655 2360 747 2424 urbis
763 2363 1076 2444 peregrinorumque
1099 2369 1264 2429 terrarum
1289 2365 1389 2429 situm
1414 2363 1477 2444 sig·

356 2472 505 2552 nificare,
536 2491 621 2554 quae
651 2471 736 2534 enim
766 2471 800 2534 in
832 2494 953 2538 scaena
985 2473 1101 2538 dextra
1130 2473 1260 2538 dicatur
1287 2474 1399 2556 plaga,
1429 2473 1476 2536 eis

355 2603 470 2666 nempe
487 2583 543 2664 qui
565 2581 609 2645 ad
631 2581 799 2646 theatrum
823 2589 982 2666 spectent,
1005 2585 1142 2648 eandem
1164 2583 1197 2646 in
1221 2583 1391 2650 orchestra
1407 2604 1479 2648 ver·

357 2693 509 2759 santihus
537 2699 571 2756 et
602 2713 755 2757 scaenam
783 2713 900 2758 versus
924 2693 1040 2758 faciem
1063 2695 1268 2760 vertentibus
1292 2715 1312 2758 a
1340 2693 1478 2758 sinistra

355 2824 438 2869 esse.
480 2803 533 2867 Ita
566 2809 644 2885 post
676 2808 892 2869 Buttmauoum
920 2803 1003 2868 hanc
1033 2803 1261 2870 difficultatem
1290 2803 1475 2869 diluendam

359 2915 490 2979 censuit
511 2921 760 2980 Schoeotoruics
782 2915 822 2980 de
836 2935 956 2980 scaena
973 2913 1099 2978 Graeca
1122 2937 1152 2998 p.
1166 2921 1213 2980 73.
1230 2914 1343 2980 Possit
1364 2933 1479 2979 revera

354 3022 445 3088 haud
475 3023 653 3088 difficulter
681 3024 810 3090 admitti
843 3024 925 3088 haec
960 3024 1063 3104 ratio;
1099 3024 1156 3088 sed
1190 3024 1476 3106 neglegentissime

354 3133 504 3216 profecto
529 3141 681 3199 versatus
706 3143 795 3200 esset
817 3134 940 3214 Pollux,
970 3134 996 3198 si
1018 3133 1104 3200 hanc
1127 3133 1317 3200 directionis
1341 3133 1477 3198 mutati-

356 3264 449 3308 onem
472 3265 513 3307 ne
536 3265 600 3308 uno
624 3245 755 3327 quidem
778 3244 877 3311 verbo
900 3245 1093 3326 indicasset,
1118 3243 1175 3308 sed
1198 3243 1338 3310 lectores
1362 3244 1476 3326 potins

355 3353 389 3416 in
412 3374 557 3418 errorem
579 3374 682 3435 paene
706 3355 929 3420 necessarium
951 3355 1107 3419 inducere
1130 3354 1312 3418 maluisset.
1358 3352 1475 3417 Dolen-

357 3464 431 3527 dum
461 3463 624 3545 estquod
651 3464 833 3528 haedere
865 3464 962 3530 silent
992 3465 1093 3530 ceteri
1120 3463 1335 3548 grammatici.
1379 3461 1474 3526 Unus

353 3582 482 3640 tantum
513 3581 645 3659 praeter
673 3574 836 3641 Pollucem
863 3575 960 3640 testis
990 3582 1096 3655 extat,
1125 3577 1212 3640 vitae
1237 3572 1472 3656 Aristophanis

355 3687 388 3748 in
419 3684 531 3750 codice
552 3684 680 3748 vVeneto
710 3692 861 3751 servatae
897 3692 1028 3766 auctor,
1068 3685 1124 3768 qui
1151 3685 1185 3748 in
1220 3685 1283 3749 fine
1306 3684 1387 3748 haec
1416 3681 1474 3746 ad·

352 3795 433 3877 jecit
455 3796 497 3880 (ν.
521 3792 626 3860 Schol.
641 3793 808 3880 Aristoph.
836 3795 884 3860 ed.
908 3794 1070 3860 Duebner.
1095 3819 1124 3878 p.
1147 3793 1285 3860 XXVIII
1308 3815 1336 3873 a,
1365 3795 1474 3879 not.¹))

357 3907 372 3967 ὁ
402 3902 534 3987 κωμικὸς
565 3905 658 3986 χορός
689 3939 730 3949 -
759 3901 787 3964 el
818 3905 872 3986 μὲν
899 3903 960 3968 ἀπὸ
987 3911 1040 3988 τῆς
1069 3906 1188 3974 πόλεως
1214 3903 1328 3988 ἤρχετο
1363 3903 1412 3966 ἐπὶ
1441 3902 1474 3965 τὸ

357 4017 486 4100 θέατρον
516 4015 565 4076 διὰ
587 4019 639 4096 τῆς
661 4012 818 4106 ἀριστερᾶς
842 4011 949 4098 ἁψῖδος
973 4012 1078 4098 eichst,
1102 4011 1128 4076 εἰ
1153 4010 1221 4082 δ’ὡς
1245 4013 1293 4075 ἀπ’
1325 4013 1403 4098 ἀγρῖν
1425 4015 1474 4076 διὰ

355 4132 407 4210 τῆς
431 4126 566 4209 nactust)
610 4123 707 4188 Vides
739 4122 790 4186 hic
823 4122 913 4187 chori
944 4146 1077 4207 quoque
1105 4125 1274 4188 introitus·
1286 4123 1335 4187 ita
1366 4125 1474 4204 desig-

359 4244 726 4350 '”1‘)Wusestermauur
743 4272 834 4347 Βιογρ.
853 4291 880 4344 p.
899 4279 948 4329 los
968 4291 1010 4344 sq.
1030 4280 1057 4328 in
1075 4273 1265 4330 adnotatione.

426 4364 453 4429 2)
471 4363 557 4416 Plane
586 4361 683 4416 eadem
708 4359 796 4414 tradit
814 4360 928 4415 Tnetzes
952 4361 1103 4431 prolegom.
1130 4360 1159 4412 ln
1176 4358 1318 4426 Aristoph.
1338 4376 1381 4428 ap.
1402 4359 1473 4413 Keil.
