3344 5126
721 430 761 490 37

184 615 290 698 ipsius
313 614 367 680 cui
390 614 518 695 reliqua
541 613 650 678 omnia
671 611 862 676 Athenaeus
882 610 1075 674 subr'uratus
1098 610 1142 674 sit
1163 612 1309 678 auctoris

185 730 294 790 aetate
311 725 502 809 conjectura
523 721 595 786 fieri
610 721 725 802 possit.
762 719 847 785 Nam
868 719 1058 785 Philochori
1073 719 1165 783 locus
1189 723 1310 806 quique

186 836 235 900 illi
259 833 377 899 adnexi
401 839 476 896 sunt
490 831 680 897 Archilochi
702 831 959 914 Epicharmique
974 849 1087 896 versus
1110 836 1178 894 tarn
1201 832 1310 917 inepte

187 943 349 1011 sermonis
366 963 499 1007 cursum
514 941 765 1023 interrumpunt,
787 947 824 1006 ut
846 941 976 1024 abipso
993 940 1122 1004 demum
1138 940 1308 1011 Athenaeo

187 1055 355 1120 inculcata
378 1071 450 1117 esse
472 1056 649 1135 appareat;
679 1051 719 1116 de
742 1052 951 1133 Theopompo
980 1050 1067 1115 idem
1094 1054 1308 1133 pronuntiare

186 1185 252 1229 non
273 1160 398 1243 dubito,
421 1182 496 1227 cum
519 1161 721 1247 Theopompi
743 1161 838 1226 libris
863 1161 965 1226 sciam
989 1161 1023 1225 in
1045 1165 1114 1227 toto
1139 1183 1236 1247 opere
1259 1165 1308 1229 di-

183 1271 408 1355 ligentissime,
432 1271 531 1336 etiarn
552 1294 617 1354 quo
633 1269 741 1337 minus
757 1271 976 1352 convenirent,
998 1290 1094 1336 usum
1118 1293 1191 1337 esse
1207 1274 1308 1340 Athe-

182 1405 309 1448 naeum.
353 1381 530 1447 Difficilius
553 1390 604 1448 est
626 1383 666 1448 de
690 1388 941 1462 Oterneeteoate,
967 1404 998 1464 p.
1024 1386 1085 1448 628
1108 1381 1136 1446 Ε
1165 1405 1306 1451 comme-

184 1500 323 1576 morato,
340 1492 504 1578 judicium
526 1493 614 1558 etin
635 1513 793 1575 praesens
821 1490 1055 1576 ampliandum.
1093 1492 1242 1577 Namque
1270 1501 1307 1560 ut

182 1604 327 1670 breviter
349 1604 459 1669 dicam
482 1603 571 1686 quod
594 1603 715 1685 sentio,
745 1606 835 1685 tot-us
858 1601 912 1665 hic
934 1600 1026 1666 Iocus
1050 1612 1139 1668 cento
1163 1610 1214 1669 est
1234 1609 1307 1670 Art·

183 1725 356 1796 stoxeneus,
372 1735 411 1779 ex
424 1713 524 1780 variis
540 1713 727 1797 gravissimi
739 1709 887 1777 auctoris
898 1709 1030 1775 laciniis
1044 1713 1304 1781 consarcinatus.

187 1825 331 1891 Primum
360 1845 455 1890 nemo
485 1844 550 1889 non
578 1822 753 1906 intellegit,
787 1841 886 1906 quam
918 1821 1062 1887 tota'sit
1089 1822 1305 1893 Aristoxenea

184 1935 326 2000 universi
347 1935 413 2002 loci
443 1935 585 2017 indoles,
618 1941 787 2016 totumque
816 1931 1005 2013 consilium,
1034 1932 1205 2000 insevere
1234 1944 1305 2003 arte

182 2045 336 2112 laudibus
360 2045 533 2127 efferenda,
554 2045 700 2110 novellae
721 2042 860 2108 mollitie
875 2042 995 2108 acerbe
1011 2043 1207 2126 castiganda
1228 2067 1305 2112 con·

183 2162 390 2223 summatum.
419 2157 547 2223 Deinde
560 2155 672 2219 insunt
688 2153 870 2220 sententiae
886 2154 1048 2237 quaedam
1062 2176 1222 2240 perquam
1239 2158 1305 2223 sin-

182 2267 322 2350 gulares,
345 2289 428 2352 quas
451 2274 510 2334 aut
531 2268 652 2334 scimus
675 2264 817 2340 aliunde,
840 2269 984 2329 autnon
1008 2264 1079 2330 sine
1101 2267 1169 2331 veri
1193 2269 1303 2350 specie

183 2378 410 2444 demonstrare
442 2378 623 2462 poterimus
657 2375 845 2442 Aristoxeni
873 2375 1026 2457 proprias
1056 2396 1137 2441 esse.
1193 2376 1303 2442 Veluti

183 2488 227 2553 ad
247 2487 400 2554 bellicam
421 2489 575 2555 virtutem
598 2489 803 2555 excitandam
825 2485 953 2551 musica
982 2486 1031 2549 uti
1058 2492 1174 2552 narrat
1201 2486 1303 2553 Athe·

181 2619 285 2664 naeus
307 2619 338 2681 p.
362 2599 475 2666 62711
503 2597 799 2680 Lacedaemonios,
832 2594 1022 2677 Cretenses,
1049 2596 1185 2682 Lydios3
1215 2597 1303 2664 idem

180 2708 221 2775 de
243 2709 512 2794 Lacedaemoniis
528 2707 808 2791 Cretensibusque
830 2707 931 2772 refert
944 2705 1141 2772 Plutarchus
1165 2708 1301 2774 demus.

180 2825 230 2902 26,
253 2843 351 2904 quem
372 2825 558 2886 Aristoxeno
582 2841 642 2885 sua
665 2818 785 2906 debere
806 2819 999 2898 Westptalas
1021 2817 1268 2895 demonstravit.
1279 2821 1302 2905 ¹)

179 2930 305 2996 Eodem
328 2934 426 3015 atque
447 2931 636 2998 Athenaeus
658 2929 744 2995 libro
766 2928 795 2993 is
819 2949 948 3010 quoque
971 2949 1050 2992 usus
1074 2933 1125 2993 est
1147 2951 1244 3012 quern
1266 2930 1301 2995 in

177 3041 256 3106 libri
276 3041 375 3126 primi
402 3041 510 3124 capite
539 3041 712 3107 undecimo
742 3037 932 3120 compilavit
959 3042 1094 3117 Gelltns;
1122 3038 1188 3104 nisi
1214 3041 1300 3106 forte

180 3171 261 3216 casu
285 3152 432 3218 evenisse
461 3152 569 3235 dicas,
605 3151 692 3235 quod
724 3148 1060 3215 Lacedaemoniorum
1095 3147 1301 3229 Cretensium

178 3261 342 3347 Lydorum
363 3263 561 3329 mentionem
583 3262 697 3327 eodem
719 3260 834 3326 ordine
856 3259 936 3325 lecit
957 3265 1096 3343 uterque
1124 3261 1158 3326 in
1181 3263 1296 3328 eadem

179 3391 215 3436 re
236 3374 411 3438 narranda.
422 3376 448 3459 ²)
490 3374 626 3438 Praeter
647 3371 767 3464 Lydios
790 3371 891 3436 etiam
906 3361 1080 3436 Cretenses
1104 3371 1215 3436 omisit
1236 3372 1298 3438 Dio

179 3482 433 3568 Chrysostomus
456 3505 502 3566 or,
523 3483 644 3549 XXXII
666 3487 707 3546 60
729 3503 760 3562 p.
777 3485 838 3546 436
860 3480 1000 3563 Emper,
1023 3477 1138 3546 eodem
1167 3487 1295 3548 cetero-

180 3593 260 3676 quin
281 3600 416 3660 auotore
438 3613 527 3659 usus.
549 3630 591 3642 -
614 3592 793 3657 Homerum
815 3589 897 3655 dicit
918 3589 1106 3654 Athenaeus
1133 3614 1163 3673 p.
1187 3594 1247 3655 627
1271 3591 1298 3654 E

182 3760 384 3771 -—-..—

249 3860 274 3922 1)
294 3857 352 3923 Quo
368 3855 429 3926 jure
448 3873 480 3911 ex
498 3857 607 3924 Polybio
624 3853 664 3909 IV
682 3857 713 3908 20
729 3853 767 3924 (p.
780 3854 840 3916 319,
862 3854 890 3909 11
911 3850 1007 3918 Behlr.)
1027 3851 1097 3906 haec
1116 3853 1297 3924 exscripsisse

178 3940 352 3996 Athenaeum
372 3939 473 3995 dixerit
495 3943 528 3996 R.
550 3942 726 3996 Volkmannas
743 3938 778 3994 ed
795 3937 937 3993 Plutarch.
963 3937 996 3992 de
1020 3953 1090 3994 mus.
1109 3953 1136 4006 p.
1157 3939 1213 4003 115,
1238 3937 1298 4006 ipse

178 4026 282 4082 videat.
313 4025 444 4082 Ceterum
462 4026 569 4096 Ephoro
587 4041 637 4079 sua
656 4024 739 4079 debet
756 4022 895 4093 Polybius,
913 4022 981 4078 item
999 4025 1032 4077 ut
1055 4021 1156 4078 Strabo
1175 4021 1199 4076 X
1217 4026 1245 4087 1,
1264 4025 1297 4074 20

179 4128 206 4182 p.
225 4114 274 4164 483
293 4109 357 4166 Cas.

249 4213 275 4282 2)
294 4212 452 4267 Athenaeus
465 4211 550 4266 etiam
569 4211 656 4267 altero
669 4212 730 4267 loco
743 4227 829 4281 eoque
844 4211 961 4266 masline
975 4209 1179 4265 inconvenienti
1190 4207 1298 4263 Aristo-

179 4295 241 4350 xeni
260 4295 388 4351 meminit
405 4294 581 4358 narrationis,
599 4295 652 4350 XII
671 4297 761 4353 stin.
778 4329 812 4338 —
836 4295 966 4351 Ceterum
989 4297 1023 4349 cf.
1047 4295 1131 4349 etlam
1156 4311 1212 4349 exc.
1236 4295 1296 4351 cod.

179 4380 356 4452 Paris'treg.)
376 4382 467 4436 27200.
485 4380 533 4438 101.
554 4385 585 4436 87
604 4397 631 4438 v.
649 4397 691 4454 ap.
713 4381 875 4447 Cremeram,
894 4379 987 4440 anecd.
1007 4379 1096 4438 Paris.
1113 4377 1128 4436 I
1148 4379 1189 4438 58,
