3344 5126
892 410 932 472 50

439 591 502 657 Sed
518 598 592 657 utut
605 593 689 658 haec
705 613 739 657 se
754 593 907 673 habeant,
929 598 1038 675 potest
1056 593 1111 659 hie
1133 595 1226 660 locus
1248 593 1335 658 hunc
1350 593 1473 660 habere

354 725 459 784 usum,
483 704 571 786 quod
593 703 759 768 luculento
781 723 841 767 nos
864 703 1010 786 exemplo
1034 704 1140 787 docet,
1164 710 1287 787 quanta
1311 726 1474 788 quamque

354 813 542 885 incredibili
565 812 743 879 oscitantia
766 812 954 879 Athenaeus
985 835 1067 899 opus
1105 834 1200 879 suum
1231 815 1471 900 compilaverit:

354 943 459 1006 neque
481 923 516 988 id
539 923 736 989 mirabimur
757 923 846 1006 quod
868 922 984 987 Pollux
1005 945 1111 1007 neque
1133 947 1208 990 cum
1231 925 1368 1010 Didymo
1399 948 1475 990 con-

355 1033 454 1098 sentit
475 1055 581 1116 neque
606 1055 679 1100 cum
702 1033 806 1099 altero
829 1033 886 1098 illo
918 1033 1079 1117 scriptore
1105 1033 1236 1120 Didymi
1267 1036 1393 1121 scripta
1423 1057 1475 1101 ex-

353 1143 494 1226 pilante3
524 1143 645 1229 quippe
677 1164 774 1226 quem
802 1149 916 1208 Jubom
948 1144 1093 1209 sciamus
1122 1151 1270 1211 secutum
1298 1167 1389 1227 esse,
1418 1146 1475 1228 qui

355 1275 429 1319 cum
443 1254 581 1340 Didymo
597 1254 688 1339 prior
704 1253 873 1336 scriberet,
887 1253 975 1319 illius
993 1255 1146 1337 operibus
1162 1256 1211 1320 uti
1225 1276 1331 1339 neque
1345 1262 1476 1342 poterat

356 1386 463 1447 neque
486 1386 562 1430 vero
588 1364 616 1427 si
637 1364 801 1446 potuisset
821 1365 964 1430 voluisse
987 1365 1169 1430 censendus
1193 1373 1252 1431 est.

439 1475 482 1540 At
505 1477 533 1540 si
547 1476 723 1560 Didymeae
746 1475 916 1540 doctrinae
939 1474 1026 1540 Juba
1048 1475 1131 1539 nihil
1146 1479 1279 1560 recepit,
1301 1477 1475 1562 Didymum

291 1591 294 1598 ⁴
356 1591 471 1652 contra
501 1587 605 1652 multa
635 1607 675 1651 ex
702 1585 791 1650 illius
820 1585 960 1650 historia
989 1580 1146 1650 theatrali
1184 1607 1279 1652 suum
1313 1589 1347 1652 in
1380 1609 1475 1653 usum

355 1697 493 1762 vertisse
514 1704 603 1782 puto.
650 1699 766 1761 Contra
788 1694 909 1760 Jubarn
931 1696 1036 1760 multa
1068 1696 1241 1780 scripsisse
1270 1703 1426 1763 narratur
1456 1720 1476 1762 a

360 1805 477 1871 Suida:
510 1807 715 1872 sederatis
739 1811 893 1871 constans
922 1805 989 1872 fere
1012 1814 1159 1872 veterum
1188 1808 1319 1874 illorum
1347 1809 1475 1874 littera-

356 1924 464 1984 torum
486 1939 566 2000 mos,
589 1925 627 1983 ut
648 1938 734 2000 quae
755 1916 789 1980 in
811 1917 959 1999 priorum
980 1916 1076 1983 libris
1099 1919 1195 1983 utilia
1218 1919 1265 1984 eis
1287 1919 1476 1984 viderentur
1589 1937 1593 1943 ·

357 2029 462 2094 tacite
485 2029 683 2114 reciperent,
704 2027 773 2092 qu
797 2025 1010 2091 dissentirent
1031 2049 1149 2111 magno
1172 2030 1206 2093 id
1236 2029 1379 2095 clamore
1401 2051 1476 2114 prc-

357 2138 537 2204 fiterentur.
589 2138 681 2203 Fecit
706 2137 769 2202 hoc
806 2137 840 2201 in
868 2136 1081 2222 Lycophrona
1110 2139 1330 2224 impugnando
1360 2141 1478 2206 Erato·

279 2297 288 2311 .
359 2250 501 2332 sthenes,
517 2248 636 2314 fecisse
651 2248 780 2313 videtur
794 2248 828 2312 in
836 2246 1008 2333 Tryphone
1023 2249 1238 2333 vituperando
1253 2251 1477 2332 Herodianus3

357 2361 392 2423 in
413 2359 501 2426 Juba
525 2359 689 2444 carpendo
712 2359 798 2423 idem
829 2359 1033 2423 commisisse
1060 2359 1247 2445 Didymum,
1274 2362 1476 2427 laboriosum

358 2468 532 2551 hominem,
555 2489 621 2534 non
642 2469 848 2550 ingeniosum
871 2469 1070 2551 Gruteriqne
1093 2491 1192 2552 quarn
1216 2472 1374 2554 Scaligeri
1391 2472 1479 2536 simi·

357 2581 488 2660 liorem,
516 2580 736 2662 maximopere
766 2579 939 2663 probabile
970 2585 1029 2645 est.
1073 2581 1180 2664 Atque
1211 2583 1368 2648 laudasse
1396 2584 1477 2647 adeo

357 2689 449 2753 illius
472 2709 605 2772 operam
619 2689 662 2751 'in
683 2690 846 2753 nonnullis
868 2690 968 2755 rebus
991 2691 1134 2756 videtur:
1164 2693 1251 2758 unde
1278 2693 1374 2759 nobis
1399 2715 1480 2776 quo·

360 2821 423 2882 que
453 2798 580 2881 aliquot
606 2802 735 2864 restant
766 2797 871 2864 Jubae
907 2799 1092 2882 fragmenta
1131 2823 1170 2865 ex
1203 2803 1333 2888 Didymi
1365 2804 1479 2869 lexicis

295 2897 297 2900 ⁵
361 2914 491 2975 servata
513 2910 547 2972 in
570 2909 813 2975 commentariis
836 2908 1088 2993 Aristophaneis
1109 2911 1273 2997 Hesychio
1297 2915 1480 2998 ceterisque

358 3021 490 3086 lexicis:
506 3041 582 3085 nam
598 3021 677 3104 quin
691 3020 749 3084 illa
765 3021 875 3084 omnia
890 3026 1019 3101 Didymo
1036 3020 1216 3086 debeantur
1227 3044 1267 3087 ne
1282 3033 1481 3090 momentum

363 3132 494 3214 quidem
523 3131 681 3215 temporis
712 3132 911 3197 dubitabunt
938 3131 1056 3196 harum
1084 3153 1193 3197 rerum
1219 3135 1328 3218 periti.
1340 3137 1363 3220 1)
1406 3134 1481 3200 darn

361 3242 457 3326 plura
482 3242 510 3304 si
532 3241 715 3306 videbimus
738 3244 824 3306 inter
859 3241 1058 3327 Hesychium
1089 3248 1121 3308 et
1143 3243 1345 3309 Athenaeum
1373 3245 1483 3312 Pollu-

363 3372 498 3435 cemque
520 3348 658 3414 maxime
682 3351 717 3414 in
732 3354 830 3418 rebus
849 3354 1009 3418 scaenicis
1026 3353 1208 3434 convenire,
1231 3360 1385 3439 poterunt
1399 3357 1482 3422 haec

362 3483 454 3527 meae
470 3460 614 3546 opinioni
630 3481 693 3524 non
709 3461 863 3543 exiguum
877 3462 963 3527 ferre
979 3462 1143 3528 auxilium.
1176 3465 1265 3529 Artis
1288 3474 1483 3551 apparatus·

364 3595 427 3658 que
458 3571 601 3638 scaenici
632 3572 885 3657 descriptionem
913 3571 1009 3654 longe
1038 3574 1262 3656 plenissimam
1288 3578 1482 3660 praebuisse

363 3684 478 3764 Jubae,
490 3684 671 3748 doctissimi
682 3685 887 3766 maximeque
903 3684 1058 3748 industrii
1073 3684 1222 3766 hominis,
1237 3684 1340 3750 libros
1355 3688 1482 3753 idoneis

365 3796 520 3859 docemur
547 3794 711 3877 exemplis.
762 3794 838 3858 Jam
867 3814 942 3858 cum
970 3794 1069 3859 semel
1099 3794 1188 3859 haud
1214 3817 1321 3879 pauca
1351 3820 1400 3863 ex
1425 3797 1482 3862 illo

436 4034 459 4096 l)
478 4028 572 4082 Etiam
590 4029 775 4084 Herodianum
796 4045 866 4097 qnae
880 4047 912 4084 ex
925 4029 1014 4084 Jubae
1027 4029 1106 4084 libris
1120 4033 1201 4088 affert
1215 4035 1251 4102 (v.
1270 4034 1364 4089 Lentu.
1379 4035 1483 4088 Herod.

366 4116 415 4170 rel.
441 4115 455 4168 I
478 4131 504 4183 p.
529 4112 684 4181 CLXXVI).
708 4114 855 4183 aDidymo
884 4118 1040 4170 mutuatum
1066 4132 1126 4172 esse
1156 4121 1240 4187 puto:
1269 4117 1381 4187 Didymi
1411 4119 1483 4172 enim

366 4199 447 4254 libris
471 4193 621 4267 diligenter
644 4215 722 4252 usum
752 4215 813 4254 esse
839 4199 1025 4255 Herodianum
1052 4203 1159 4256 certum
1191 4206 1236 4256 est
1268 4201 1314 4262 (cf.
1343 4205 1430 4259 Leon.
1457 4221 1484 4273 p.

370 4283 501 4349 CLXIV).
521 4281 637 4338 Omnino
662 4284 754 4338 nescio
774 4301 809 4338 an
831 4301 886 4340 non
904 4285 1048 4353 aliquanto
1071 4285 1152 4354 plura
1171 4303 1252 4354 qnam
1270 4285 1385 4342 Lentzio
1398 4288 1487 4344 visum

369 4370 413 4425 est
429 4367 569 4439 prioribus
588 4368 779 4441 grammaticis
799 4369 900 4432 debeat
917 4369 1101 4431 Herodianus.
