3344 5126
887 409 928 471 44

348 607 446 670 qaum
468 607 604 671 pegcrre
630 589 760 654 videtur
781 591 815 656 in
838 613 876 657 eo
899 613 997 677 opere
1020 592 1227 676 compilando
1244 593 1331 676 quod
1353 615 1466 660 versus

348 697 467 781 capitis
490 703 539 762 26.
563 697 659 764 finem
681 699 888 784 deposuerat.
931 703 1016 768 Nam
1037 723 1102 768 non
1130 724 1210 769 casu
1237 703 1360 770 factum
1393 727 1465 773 esse

347 808 505 890 existim0,
528 809 617 891 quod
640 812 708 875 siue
731 810 798 880 ullo
820 813 913 879 hiatu
936 818 1035 898 caput
1057 818 1107 879 31.
1131 813 1179 878 eis
1202 814 1334 881 adnecti
1355 821 1467 901 potest

347 938 432 1002 quae
458 919 527 984 illic
550 920 591 985 de
617 922 738 988 virtute
760 942 780 987 a
802 925 967 990 veteribus
995 925 1094 990 etiam
1116 927 1150 989 in
1172 927 1299 992 musica
1321 927 1466 992 exercita

347 1028 517 1113 disputata
539 1036 641 1096 erant
682 1031 757 1098 dam
779 1056 855 1100 vero
878 1034 946 1101 illic
970 1041 1139 1101 centonem
1162 1035 1326 1118 quendam
1347 1039 1465 1102 Aristo-

346 1160 477 1204 xeneam
501 1143 673 1207 consuisse
689 1142 891 1210 Athenaeum
914 1145 1214 1228 animadvertimus,
1236 1145 1334 1212 huius
1357 1153 1466 1213 autem

346 1251 450 1337 ipsius
474 1253 592 1335 capitis
616 1257 666 1319 31.
688 1260 816 1336 partem
839 1260 1016 1322 extremam
1039 1275 1078 1321 ex
1092 1262 1274 1323 Aristonem·
1288 1252 1464 1340 συμμίκτοις

346 1360 543 1445 συμποτικοῖς
584 1365 837 1448 transscriptam
879 1387 952 1431 esse
996 1368 1067 1451 ipse
1104 1367 1290 1434 Athenaeus
1325 1368 1464 1434 fatetur:

346 1492 453 1537 nonne
467 1473 570 1554 igitur
592 1475 765 1556 concedes,
788 1476 950 1559 reliquum
972 1478 1072 1543 etiam
1095 1483 1196 1562 caput
1217 1499 1256 1543 ex
1271 1477 1465 1543 Aristoxeno

346 1603 419 1648 esse
441 1584 675 1667 compilatum?
710 1584 779 1652 Nec
795 1587 972 1669 quicquam
994 1588 1027 1651 in
1048 1593 1118 1654 toto
1133 1591 1241 1674 capite
1262 1589 1356 1669 inest,
1378 1587 1466 1670 quod

348 1699 491 1777 nequeat
519 1693 561 1758 ab
591 1693 787 1761 Aristoxeno
816 1697 941 1762 dictum
969 1719 1056 1781 esse3
1090 1701 1188 1765 immo
1218 1700 1311 1764 cuius
1348 1699 1465 1764 melius

348 1804 495 1870 moribus
518 1810 702 1886 congruunt
723 1809 843 1872 veteris
865 1810 1011 1874 musicae
1032 1810 1161 1891 laudae,
1190 1809 1277 1892 vulgi
1301 1814 1466 1892 contemp·

347 1919 415 1996 tus,
442 1914 625 1979 theatricae
654 1936 768 1982 musae
797 1918 1019 2002 vituperatio?
1063 1919 1110 1984 De
1142 1919 1340 2001 Antigenida
1370 1939 1465 2002 quem

348 2025 455 2109 magis
478 2023 617 2089 decebat
639 2025 840 2093 confidenter
862 2028 989 2111 aliquid
1011 2028 1153 2110 edicere,
1176 2049 1275 2111 quam
1298 2030 1464 2094 Aristoxe-

346 2157 433 2217 num,
456 2155 553 2218 quem
569 2136 818 2220 diligentissime
839 2140 930 2204 illius
947 2137 1088 2205 coluisse
1102 2141 1292 2205 memoriam
1307 2139 1465 2205 Tatianus

347 2246 420 2311 adv.
444 2245 499 2311 Gr.
521 2269 553 2330 p.
576 2251 616 2312 86
638 2251 802 2314 testatur?
842 2250 989 2340 Denique
1012 2271 1087 2314 cum
1108 2248 1160 2314 his
1175 2248 1335 2315 Athenaei
1357 2249 1465 2316 verbis

347 2358 393 2442 (p.
415 2361 484 2439 138,
500 2363 518 2421 6
534 2356 660 2439 Mein.):
685 2361 734 2421 νῦν
750 2357 783 2422 δὲ
799 2355 885 2442 εἰκῆ
909 2354 960 2421 καὶ
976 2357 1095 2443 ἀλόγως
1111 2357 1255 2424 ἅπτονται
1271 2363 1324 2443 τῆς
1340 2363 1465 2442 μυσικῆς

346 2487 511 2552 compara,
535 2468 595 2548 sis,
617 2467 788 2535 Plutarchi
810 2469 924 2550 verba,
953 2490 992 2534 ex
1019 2476 1206 2535 Aristoxeno
1234 2470 1464 2553 transscripta,

346 2579 492 2643 demus.
516 2581 566 2643 31.
589 2602 620 2663 p.
644 2584 694 2662 38,
719 2584 755 2644 11
779 2579 905 2645 Volkm.
940 2576 968 2642 οἱ
991 2575 1102 2644 πολλοὶ
1131 2577 1215 2665 εἰκῆ
1239 2577 1424 2662 μανθάνωσιν
1446 2579 1463 2641 ὃ

346 2687 383 2753 dv
404 2690 447 2774 τῷ
467 2689 637 2752 διδάσκοντι
658 2690 678 2774 ἢ
701 2697 744 2775 τῷ
762 2686 945 2773 μανθάνοντι
967 2687 1072 2776 ἀρέσῃ.

430 2802 624 2866 Aristoxeno
646 2802 748 2883 igitur
769 2818 835 2865 non
858 2799 975 2865 dubito
995 2807 1133 2894 accepta
1154 2801 1278 2868 referre
1300 2805 1332 2867 et
1354 2801 1464 2884 capita

346 2918 387 2978 23
410 2917 451 2976 24
474 2917 514 2976 25
537 2916 731 2996 partemque
752 2911 871 2996 cepitis
894 2918 944 2995 26,
967 2918 1097 2978 atvero
1119 2914 1344 2978 etiam-totum
1366 2917 1466 2994 caput

263 3045 267 3054 “
346 3027 396 3089 31.
434 3023 497 3090 Sed
520 3043 620 3088 unam
643 3023 749 3089 sentio
772 3027 898 3088 restare
921 3021 1159 3088 difficultatem.
1202 3023 1354 3100 Quamvis
1376 3023 1462 3086 enim

345 3135 476 3199 minime
504 3133 656 3216 equidem
683 3134 842 3216 ignorem,
872 3135 1063 3218 saepissime
1086 3134 1127 3199 ab
1151 3133 1320 3198 Athenaeo
1348 3153 1462 3198 eorum

346 3265 427 3327 quos
451 3245 662 3328 exscripserit
677 3247 848 3308 auctorum
870 3245 978 3308 minus
993 3243 1151 3310 nobilium
1166 3243 1299 3308 nomina
1321 3242 1463 3323 reticeri,

343 3355 396 3420 vix
410 3360 520 3419 tamen
535 3355 683 3420 adducar
704 3361 742 3420 111
757 3353 899 3435 credam,
920 3355 954 3418 in
969 3353 1077 3418 tribus
1091 3353 1184 3418 illum
1207 3353 1372 3436 capitibus
1394 3357 1462 3416 tam

343 3465 425 3531 clari
447 3466 634 3548 vetustique
651 3464 757 3547 qualis
775 3463 987 3529 Aristoxenus
1009 3465 1072 3530 fuit
1095 3465 1266 3549 scriptoris
1282 3485 1399 3528 nomen
1421 3485 1461 3528 ne

345 3577 444 3642 semel
466 3577 597 3660 quidem
621 3556 952 3642 commemoraturum
967 3574 1079 3656 fuisse,
1103 3578 1131 3640 si
1152 3577 1224 3659 ipsc
1246 3575 1335 3639 illius
1357 3573 1461 3640 libros

341 3691 529 3752 tractasset.
573 3686 804 3753 Recentiorum
834 3686 918 3750 enim
947 3684 1114 3750 hominum
1139 3685 1271 3750 nomina
1301 3685 1375 3751 ideo
1405 3705 1462 3769 po-

345 3796 509 3861 tissimum
538 3796 622 3860 solet
651 3795 781 3860 silentio
817 3814 981 3878 premere,
1019 3799 1056 3858 ut
1087 3800 1234 3860 vetustos
1265 3795 1385 3878 quibus
1413 3794 1461 3859 illi

341 3907 530 3972 testimonia
552 3906 824 3971 denuntiaverant
846 3911 998 3970 auctores
1020 3905 1091 3988 ipse
1115 3906 1272 3972 evolvisse
1294 3904 1460 3986 videntum

342 4018 454 4101 prisca
475 4016 576 4098 igitur
596 4016 761 4082 volumina
781 4016 838 4081 ubi
861 4017 932 4099 ipse
954 4016 1095 4080 versavit
1117 4017 1163 4082 ibi
1184 4017 1282 4101 plane
1303 4015 1463 4081 abhorret

345 4149 366 4191 a
388 4126 624 4212 probabilitate
646 4126 797 4191 tacendis
820 4147 894 4208 eum
916 4126 1184 4207 gravissimorum
1212 4132 1384 4192 auctorum
1405 4145 1463 4189 no·

345 4238 489 4303 minibus
519 4238 626 4322 ipsum
656 4257 690 4301 se
719 4239 930 4319 antiquarum
962 4235 1140 4302 lectionum
1173 4237 1270 4303 laude
1304 4238 1461 4320 privasse.

344 4347 453 4428 Quare
475 4347 660 4430 videndum,
683 4368 725 4411 an
747 4346 831 4414 forte
847 4345 1010 4431 fragmina
1025 4345 1082 4412 illa
1097 4347 1313 4412 Aristoxenea
1334 4366 1374 4411 ex
1395 4343 1462 4412 alio
