3344 5126
738 375 772 436 ll

199 555 284 622 Aelii
307 554 464 638 Dionysii,
487 555 672 620 Pausaniae
694 555 900 638 aliorumque
921 555 1029 620 lexica
1050 559 1192 622 constat.
1235 558 1322 634 Quo·

200 688 273 731 rum
303 663 466 748 quomodo
496 664 642 729 instituti
667 665 791 732 fuerint
818 665 895 730 libri
922 687 997 730 cum
1023 665 1114 732 haud
1142 665 1322 751 injucunda

200 774 351 858 quaestio
374 773 418 838 sit
439 772 579 838 necdum
602 775 683 840 satis
707 775 941 860 pervestigata,
964 775 1005 840 de
1028 796 1067 841 ea
1087 775 1231 842 fortasse
1254 775 1323 840 alia

199 884 374 950 occasione
404 884 568 965 quaedam
601 904 793 966 proponam.
836 883 932 950 Nune
964 885 1028 949 hoc
1055 885 1207 969 posuisse
1240 884 1322 949 satis

200 996 310 1076 faciet,
331 1014 432 1072 neque
454 999 517 1058 illis
538 1014 638 1072 nepae
660 999 732 1058 ullis
754 999 826 1058 ollis
845 1015 934 1058 usum
950 1015 1015 1059 esse
1030 1001 1189 1061 Pollucem
1205 1001 1323 1060 cloelrl·

201 1126 261 1170 nce
283 1110 495 1184 receptaculis
509 1107 553 1166 lta
569 1107 722 1184 institutis,
746 1113 781 1167 ul
799 1110 966 1168 seeundum
983 1110 1159 1170 litterarum
1182 1110 1323 1168 ordinem

200 1220 344 1292 crapulae
366 1233 456 1278 voees
479 1220 655 1284 collocatae
672 1222 789 1294 essent,
822 1212 987 1278 Nimirum
1008 1234 1073 1278 non
1096 1219 1176 1295 erat,
1199 1235 1259 1279 cur
1280 1213 1325 1278 ad

201 1322 365 1390 eiusmodi
387 1322 493 1387 lexica
517 1321 582 1386 sibi
603 1321 736 1388 minime
759 1323 932 1388 commoda
955 1324 1154 1405 confugeret,
1186 1323 1245 1388 sed
1265 1324 1324 1390 ha·

201 1434 303 1500 hebet
335 1433 454 1516 quibus
484 1432 586 1499 multo
615 1431 800 1516 promptius
830 1432 1027 1516 faciliusque
1066 1453 1160 1496 suam
1192 1433 1227 1497 in
1254 1453 1324 1498 rem
1368 1509 1372 1518 ι

200 1550 350 1610 uteretur
373 1541 580 1624 amplissima
602 1541 761 1606 subsidia.

287 1653 427 1717 Etcum
450 1649 554 1716 multa
583 1649 670 1734 apud
692 1649 859 1716 Pollucem
890 1651 1005 1717 eadem
1032 1651 1162 1717 ratione
1181 1651 1324 1716 narrari

202 1771 301 1846 atque
321 1763 410 1848 apud
425 1761 599 1844 Didymum
623 1781 724 1844 supra
740 1761 811 1844 jam
832 1761 1065 1843 monuerimus,
1086 1761 1191 1827 multo
1213 1766 1325 1826 autem

201 1873 353 1956 pluribus
376 1871 485 1952 etiam,
508 1891 606 1954 quam
628 1874 784 1935 accurate
800 1867 1023 1936 demonstrari
1038 1871 1153 1955 possit,
1176 1871 1209 1934 in
1223 1870 1324 1937 rebus

201 1982 287 2048 inter
308 1985 485 2063 utrumque
506 1978 678 2044 convenire
700 1977 799 2042 iacile
823 1978 868 2042 sit
890 1978 1127 2060 intellecturus,
1150 1981 1207 2064 qui
1229 2001 1325 2046 voca·

185 2077 281 2158 ¹bula
309 2113 347 2156 ex
373 2091 509 2156 comicis
539 2087 742 2170 tragicisque
776 2089 884 2171 poetis
919 2096 1075 2173 excerpta
1102 2095 1232 2154 tantum
1260 2109 1326 2153 non

202 2201 312 2266 omnia
334 2207 464 2280 Didymo
488 2199 607 2264 debere
629 2196 830 2282 Hesychium
851 2197 1070 2281 reputaverit:
1086 2199 1134 2246 ‘—
1156 2198 1234 2280 quid
1256 2198 1326 2262 veri

203 2311 346 2376 similius
376 2331 475 2393 quam
505 2315 626 2375 eosdem
648 2307 716 2374 fere
739 2328 778 2372 ac
801 2307 976 2393 Didymum
998 2318 1145 2374 auctores
1176 2314 1325 2374 secutum

203 2441 276 2486 esse
297 2419 483 2486 Pollucem?

288 2529 463 2614 Didymum
490 2533 600 2592 autem
632 2548 707 2592 cum
739 2525 964 2610 amplissimas
1000 2525 1172 2592 doctrinae
1209 2527 1324 2608 copias

203 2639 417 2720 undecunque
439 2637 585 2720 potuerit
606 2635 850 2702 studiosissime
873 2635 1051 2700 contulisse
1075 2636 1227 2720 sciamus,
1254 2645 1324 2703 tum

201 2865 239 2920 At
256 2867 285 2921 in
303 2872 407 2934 tropico
424 2865 514 2920 lexico
526 2879 673 2933 quamnam
686 2863 771 2916 aliam
785 2862 854 2926 λέξιν
868 2865 1045 2934 explanatam
1058 2862 1143 2918 fuisse
1155 2863 1322 2933 putabimus,

202 2967 284 3019 quam
303 2955 415 3018 tropicis
426 2953 587 3019 propriam?
610 2951 642 3002 ut
658 2950 756 3003 mirum
783 2965 848 3003 sane
866 2947 918 3025 hoo
941 2948 1027 3003 fucrit
1045 2956 1132 3015 capul,
1157 2951 1248 3002 totum
1266 2949 1323 3003 fers

202 3034 309 3088 lexicon
333 3033 485 3104 occupans!
529 3033 617 3098 Quare
642 3036 691 3086 aut
714 3033 789 3086 aliud
812 3031 924 3102 Didymi
947 3049 1015 3101 opus
1038 3032 1192 3102 respexisse
1215 3034 1323 3088 Macro·

200 3117 275 3171 bium
294 3120 370 3188 puto,
389 3121 439 3172 aut
459 3118 602 3170 Schmidtio
621 3116 838 3182 assentiendum,
863 3117 911 3186 qui
928 3117 1136 3188 τραγῳδιιμένην
1154 3115 1234 3170 illam
1253 3115 1323 3178 λέξιν

201 3219 256 3257 non
275 3203 414 3257 diversam
433 3217 492 3256 esse
511 3218 528 3255 a
545 3201 662 3272 τραγικῇ
681 3204 784 3263 censet,
802 3201 911 3270 Didym.
928 3219 955 3272 p.
967 3205 1008 3256 84.
1043 3200 1106 3256 Alia
1123 3202 1209 3272 igitur
1228 3201 1324 3256 distri·

197 3285 373 3341 bueudarum·
388 3287 541 3354 glossarum
560 3283 631 3338 ratio
650 3283 898 3353 circumspicienda
916 3290 968 3340 est.
1002 3285 1130 3341 Glossam
1145 3286 1222 3340 illam
1243 3285 1322 3359 ξηρα-

200 3372 306 3440 λοιφεῖν
325 3386 358 3422 eu
378 3371 509 3435 Sophocle
526 3369 688 3424 arctaverat
705 3369 841 3440 Didymus
852 3371 922 3438 (Pel.
934 3371 967 3426 fr.
980 3372 1029 3424 437
1041 3370 1157 3442 Dindfl.
1184 3371 1247 3426 Jam
1261 3377 1322 3425 cum

200 3455 327 3520 Sophocli
343 3453 432 3508 multo
450 3453 582 3520 majorem
601 3469 684 3522 quam
703 3451 804 3507 ceteris
821 3454 912 3523 poetis
930 3453 1047 3524 tragicis
1066 3455 1191 3509 omuibus
1210 3471 1323 3524 operam

198 3555 316 3594 navasse
334 3537 468 3606 Didymus
486 3536 613 3593 rideatur
631 3539 667 3602 (v.
687 3538 812 3590 Schmidt.
830 3537 893 3592 Did.
910 3554 938 3607 p.
957 3538 1018 3606 93.),
1042 3538 1193 3592 nimiumne
1212 3537 1287 3592 dices
1305 3555 1322 3592 a

199 3623 258 3677 veri
277 3621 369 3691 speeie
384 3621 534 3685 discedere,
554 3621 640 3690 siquis
653 3621 770 3692 singulis
782 3622 811 3676 in
823 3621 928 3675 litteris
941 3622 1060 3690 primum
1073 3638 1207 3692 quemque
1219 3622 1320 3676 librum

199 3707 314 3774 reliquis
337 3708 429 3774 poetis
451 3704 576 3774 tragicis,
601 3708 750 3762 secundum
775 3705 906 3772 Sophocli
925 3706 1093 3760 destInatum
1117 3707 1201 3760 fuisse
1225 3707 1322 3762 dicat?

198 3788 270 3842 Nam
288 3789 398 3842 videtur
415 3789 484 3845 haec
502 3807 597 3845 revera
615 3791 686 3846 ratio
704 3790 790 3844 tuisse
809 3804 863 3859 qua
881 3787 946 3843 illos
958 3794 1055 3859 poetas
1069 3791 1202 3859 Didymus
1215 3795 1321 3846 tracta·

197 3873 252 3927 vit:
282 3873 414 3941 Sophocli
437 3891 496 3929 cum
521 3875 684 3930 acerrimum
709 3874 831 3928 studium
862 3873 1046 3942 praestiterit,
1073 3875 1209 3945 Aeschylo
1233 3877 1321 3932 multo

198 3956 330 4011 minorem
342 3974 452 4026 operam
467 3958 577 4013 dedisse
589 3960 701 4014 videtur
713 3963 750 4021 (v.
765 3959 890 4012 Schmidt
905 3975 932 4028 p.
946 3960 996 4010 240
1011 3961 1070 4030 sp),
1089 3960 1222 4013 minorem
1236 3962 1321 4013 etiam

198 4041 334 4110 Euripidi,
353 4043 495 4096 minimam
514 4042 625 4096 Achaeo
642 4043 747 4112 (Schm.
765 4059 793 4112 p.
812 4047 862 4096 305
881 4049 934 4113 sq.)
953 4046 982 4098 et
999 4044 1063 4098 loni
1080 4040 1130 4114 (id.
1147 4060 1174 4112 p.
1194 4046 1240 4096 301
1261 4046 1320 4114 sq.).

196 4157 232 4166 -
250 4126 304 4180 Sed
322 4127 391 4181 haec
408 4131 440 4180 ut
458 4126 564 4181 incerta
589 4144 648 4181 esse
672 4128 834 4182 concedam:
861 4128 931 4182 illud
954 4145 1019 4183 vero
1043 4130 1149 4182 certum
1173 4129 1223 4191 est,
1250 4129 1321 4182 κατὰ

198 4217 335 4281 στοιχεῖον
359 4210 489 4264 ordinata
506 4209 589 4264 luisse
614 4210 726 4280 Didymi
748 4212 844 4275 lexioa,
871 4229 959 4282 neque
976 4211 1047 4266 illud
1069 4212 1151 4266 nimis
1174 4211 1320 4279 incertum,

197 4299 375 4364 qaodrnpinla
396 4303 453 4349 oclo
471 4293 559 4350 libros
578 4295 749 4365 complerem
767 4313 827 4350 esse
846 4295 916 4355 λέξιν
935 4298 1072 4367 τραγικήν.
