3344 5126
843 395 933 456 .52

356 575 520 659 βαυκισμός
548 575 602 660 (cf.
619 575 670 640 Et.
693 574 735 640 M.
759 579 827 658 192,
854 579 916 662 17),
939 573 1112 660 στρόβιλος,
1136 573 1365 661 ἐκλαντίσματσι
1379 579 1411 663 1),
1434 602 1481 640 πι-

358 683 486 768 νακίδες,
508 682 711 767 καλαθίσκος,
742 689 843 769 διπλῆ.
889 686 1035 762 Quorum
1064 689 1230 752 nominum
1261 688 1344 752 haec
1375 679 1480 753 cer'te:

360 795 496 880 ἄσκαρσι,
520 792 683 878 πινακίδες,
706 793 949 879 ἐκλακτίσμσιτα,
979 799 1070 880 διπλῆ
1093 798 1202 862 nullus
1226 804 1383 880 quantum
1412 800 1480 862 scio

357 913 488 992 praeter
510 907 711 992 Hesychium
733 905 964 989 Pollucemque
987 909 1222 989 grammaticus
1246 909 1343 972 novit.

443 1018 507 1083 Sed
530 1021 643 1082 extant
667 1019 814 1100 exempla
836 1019 938 1083 multo
967 1018 1133 1100 graviora,
1157 1019 1277 1100 quibus
1300 1019 1482 1084 dubitanti·

355 1128 417 1192 bus
441 1147 571 1211 quoque
595 1148 634 1190 ex
648 1127 762 1191 eodem
779 1127 953 1212 Didymum
976 1134 1009 1192 et
1031 1128 1197 1192 Pollucem
1218 1128 1307 1192 fonte
1330 1128 1482 1192 hausisse

355 1259 407 1301 me
430 1257 667 1322 persuasurum
689 1257 762 1301 esse
786 1258 892 1320 spero.
1199 1314 1205 1326 ι

411 1347 415 1360 “
445 1353 614 1426 chrystum
631 1345 757 1431 ’όρχημα
773 1368 845 1411 esse
862 1343 1000 1430 νηνίατον
1022 1353 1138 1412 narrat
1152 1348 1267 1412 Pollux
1292 1350 1309 1432 ἦ
1326 1354 1380 1413 79;
1403 1350 1483 1412 item

357 1457 543 1541 Hesychius
568 1478 592 1520 s,
616 1456 800 1544 νινὴατσν.2)

441 1569 530 1632 Inter
554 1574 644 1632 tibias
665 1573 840 1632 numerant
864 1566 1021 1649 βόμβυκας
1046 1572 1078 1631 et
1094 1567 1210 1633 Pollux
1231 1570 1302 1653 §82
1327 1575 1360 1633 et
1381 1569 1483 1654 Hesy-

359 1678 453 1744 chius
485 1699 510 1743 s,
542 1678 695 1760 βόμβσκες
725 1682 758 1741 et
791 1677 913 1760 βόμβνξ.
953 1677 1008 1761 (cf.
1048 1678 1147 1741 etiam
1187 1677 1406 1744 Choerobosc.
1441 1680 1483 1743 ad

359 1789 519 1855 Theodos.
541 1789 595 1854 fol.
614 1793 662 1854 65.
685 1789 719 1852 in
741 1787 884 1853 Beklxeri
907 1786 1077 1852 anecdotis
1100 1787 1149 1851 ΙΙΙ
1174 1793 1267 1866 1354,
1291 1790 1359 1854 sive
1380 1788 1484 1854 Hero·

359 1900 446 1964 dian.
470 1900 580 1963 καθολ.
603 1920 688 1981 προσ.
711 1923 741 1982 p.
765 1904 814 1978 44,
838 1904 878 1963 20
900 1897 951 1983 L.)

446 2009 494 2073 De
523 2003 674 2092 τυρβασίᾳ
705 2007 787 2072 haec
814 2008 915 2072 refert
943 2007 1058 2070 Pollux
1090 2010 1110 2087 ἓ
1142 2012 1216 2071 104;
1254 2004 1419 2092 τυρβασίαν
1450 2008 1484 2071 δὲ

362 2118 475 2182 ἐκάλιιν
498 2117 531 2181 τὸ
554 2115 680 2202 ὄρχημα
709 2117 743 2180 τὸ
774 2117 1012 2201 διθυραμβικόν,
1043 2115 1228 2200 Hesychius
1256 2117 1339 2182 haec
1369 2120 1482 2185 habet:

282 2299 290 2312 ⁰
359 2225 516 2314 τυρβασία·
541 2234 643 2312 χορῶν
667 2228 770 2312 ἀγωγὴ
795 2249 838 2296 τις
863 2225 1110 2310 διθυραμβική.3)

448 2343 569 2423 ,σχῆμα
591 2339 747 2422 τραγικόν,
769 2342 888 2402 vocant
910 2333 998 2416 σιμὴν
1020 2333 1114 2419 χεῖρα
1137 2343 1170 2401 et
1191 2338 1306 2403 Pollux
1327 2340 1344 2423 ᾖ
1369 2346 1427 2405 105
1451 2345 1484 2404 et

360 2449 560 2534 Hesychius,

447 2559 494 2622 De
517 2558 695 2643 pyrrhicha
717 2562 833 2622 narrat
862 2554 978 2620 Pollux
999 2557 1017 2639 ᾗ
1040 2561 1096 2623 99:
1127 2553 1261 2642 πυῤῥίχη
1291 2581 1324 2621 τε
1354 2554 1405 2621 καὶ
1435 2581 1483 2622 τε-

361 2669 473 2749 λεσιάς,
496 2669 650 2749 ἐπώνυμοι
666 2668 717 2729 δύο
729 2659 866 2751 Κρητῶν
882 2665 1056 2750 ὀρχηστῶν,
1074 2665 1213 2752 Πυῤῥίχιι
1228 2691 1261 2731 τε
1278 2663 1329 2732 καὶ
1345 2666 1483 2735 Telesia.

365 2778 440 2844 Jam
463 2777 575 2842 confer
590 2777 731 2863 Hesych.
748 2799 772 2842 s.
789 2772 985 2861 πυῤῥιχίζειν.
1000 2813 1044 2826 -
1058 2775 1086 2841 οἱ
1110 2776 1183 2860 μὲν·
1204 2798 1318 2844 vocem
1334 2779 1484 2845 derivant

363 2925 407 2938 -
430 2887 489 2951 ἀπὸ
512 2883 651 2971 Πυῤῥίχιι
674 2889 712 2948 ui
734 2885 865 2972 Κρητός·
897 2885 926 2950 οἱ
950 2885 983 2950 δὲ
1007 2886 1066 2950 ἀπὸ
1093 2890 1145 2949 τοῦ
1170 2887 1315 2973 διάπυρον
1345 2886 1431 2952 εἶναι·
1456 2887 1484 2952 οἱ

343 2997 396 3061 ,δὲ
419 2997 478 3060 ἀπὸ
502 2995 605 3080 Πύῤῥι
627 2991 665 3058 τέ
683 2995 859 3082 Ἀχιλλέως
882 3001 947 3061 κτλ.
962 3000 986 3082 ⁴)
1028 2996 1128 3062 Vides
1151 3000 1292 3081 primam
1314 3001 1391 3084 poni
1413 3000 1486 3066 Pol·

362 3108 446 3172 lucis
478 3109 687 3187 sententiam3
718 3129 777 3172 cur
805 3107 890 3171 aliae
914 3107 1063 3191 adjectae
1086 3106 1151 3172 sint
1174 3110 1286 3174 statim
1308 3111 1485 3193 intelleget,

363 3219 419 3299 qni
448 3217 636 3300 ubicunque
664 3217 736 3282 fieri
763 3219 950 3303 potnerita
979 3215 1116 3301 Didymo
1146 3219 1355 3302 impugnatae
1383 3221 1486 3287 fuisse

363 3325 469 3391 Jubae
493 3328 660 3411 opiniones
683 3328 877 3391 meminerit.
920 3327 1060 3391 Maxime
1086 3348 1163 3392 vero
1186 3332 1399 3397 memorabile
1427 3339 1486 3414 est,

366 3437 452 3520 quod
482 3437 568 3502 inter
594 3438 687 3503 varia
709 3439 773 3504 ‚illa
800 3438 983 3520 veriloquis
1005 3460 1069 3502 non
1097 3446 1267 3523 comparet
1294 3442 1376 3507 illud
1399 3443 1486 3525 quod

364 3547 559 3613 Aristoxeno
582 3550 668 3614 viam
689 3553 867 3633 praeeunte
892 3551 1040 3632 seqnitur
1061 3549 1251 3616 Athenaeus
1273 3552 1348 3616 XIV
1364 3558 1425 3618 630
1447 3553 1486 3629 Ε,

366 3680 386 3723 a
408 3661 534 3723 Lacone
556 3660 666 3743 aliquo
682 3659 862 3744 Pyrrhicho
884 3679 1001 3724 nomen
1024 3661 1184 3724 derivans.

439 3831 461 3892 1)
488 3828 525 3882 cl.
551 3829 684 3882 Kreusius
708 3826 852 3897 Gymnast.
876 3845 902 3882 u.
928 3828 1016 3896 Agon.
1040 3826 1066 3882 d.
1090 3828 1163 3882 Hell.
1186 3829 1216 3882 H
1234 3830 1294 3895 843,
1313 3832 1337 3886 3.
1357 3832 1490 3884 Meursics

370 3914 504 3969 orchestr.
523 3919 549 3983 p.'
570 3914 644 3967 1251.

434 3998 462 4066 2)
481 3997 516 4051 cf.
535 3999 668 4065 Scaliqer.
686 3997 769 4066 conjj.
788 3998 902 4052 Varrou.
921 4015 947 4067 p.
968 3999 1017 4051 216
1036 3997 1097 4064 Bip.

435 4085 461 4153 3)
481 4082 591 4155 σχιστάς
611 4081 698 4136 ἕλκειν
724 4083 793 4140 Poll.
814 4086 829 4153 ξ
850 4086 912 4148 105;
932 4083 966 4138 cf.
985 4083 1104 4152 Hesych.
1126 4083 1236 4156 σχίσμα.

436 4169 464 4238 4)
483 4166 657 4223 Uberrimam
676 4166 812 4220 variarum
833 4167 867 4221 de
885 4165 1050 4236 pyrrhichae
1069 4167 1175 4238 origine
1198 4172 1322 4222 veterum
1337 4168 1488 4225 seutentia-

369 4271 429 4308 rum
455 4252 646 4307 collectionem
670 4252 787 4320 praebet
815 4253 870 4306 Vcl.
891 4253 963 4305 Rore
986 4252 1102 4308 Aristot.
1124 4253 1302 4322 pseudepigr.
1326 4270 1352 4321 p.
1378 4255 1426 4306 481
1447 4269 1488 4323 sq.

369 4339 510 4410 Ephorum,
531 4337 616 4392 etiam
634 4337 701 4391 alibi
719 4353 735 4391 a
753 4353 782 4394 se
800 4337 970 4408 usurpatum,
990 4339 1101 4393 secutus
1120 4340 1164 4394 est
1181 4337 1262 4396 Juba.
