3344 5126
492 1442 1065 1542 OOROLLARIUM.

298 1673 381 1741 Ourn
402 1698 507 1761 prope
528 1680 571 1746 ab
593 1675 688 1742 initio
711 1676 810 1744 huius
827 1679 1114 1746 commentationis
1138 1691 1178 1742 ea
1198 1699 1234 1742 ro
1257 1676 1333 1761 plus

210 1787 311 1852 nimio
334 1786 519 1853 doctrinam
549 1809 644 1854 suam
667 1786 881 1870 studiumque
904 1809 1016 1856 coram
1037 1786 1216 1856 Commodo
1238 1807 1334 1870 prae-

210 1897 341 1962 dicasse
356 1895 523 1963 Pollucem
539 1897 684 1976 dixerim,
707 1897 797 1979 quod
818 1897 852 1961 in
874 1898 951 1965 libri
975 1899 1111 1964 secundi
1125 1897 1333 1984 praefatione

210 2005 277 2076 τοὺς
299 2009 343 2092 τῷ
360 2000 518 2093 περιπάτῳ
542 2007 683 2093 συνήθεις
706 2007 846 2072 multum
868 2028 889 2072 a
914 2029 948 2072 se
973 2008 1145 2077 consultos
1169 2029 1242 2074 csso
1265 2006 1334 2088 glo·

209 2115 318 2182 riatus
343 2115 396 2196 sit,
416 2117 569 2199 pluribus
591 2119 677 2182 hauc
705 2115 967 2182 criminationem
990 2118 1252 2203 persequendam
1275 2116 1335 2181 mi-

209 2225 242 2289 hi
262 2247 339 2292 esse
363 2226 479 2303 sentio,
507 2247 548 2291 ue
576 2225 739 2292 immerito
762 2226 885 2292 bonum
907 2233 1079 2294 auctorem
1102 2228 1231 2295 fraudis
1252 2227 1334 2291 insi-

210 2336 356 2402 mulasse
378 2335 498 2401 videar.

294 2444 437 2511 Secundi
459 2446 553 2528 onim,
577 2445 630 2510 cui
652 2446 798 2530 praefixa
820 2453 874 2513 est
894 2446 952 2512 illa
973 2447 1148 2531 praefatio,
1180 2445 1256 2511 libri
1278 2466 1333 2510 co·

208 2556 283 2640 pias
312 2555 507 2641 potissimas
536 2576 602 2622 uon
632 2575 653 2619 a
687 2557 808 2624 veteris
838 2556 928 2623 illius
958 2555 1091 2624 scholae
1119 2553 1333 2622 Aristoteliae

208 2664 349 2753 eruditis
372 2665 510 2730 asseclis
533 2670 709 2731 mutuatus
733 2673 785 2733 est
806 2667 931 2748 Pollux,
961 2667 1019 2732 sed
1042 2687 1080 2732 ex
1103 2673 1172 2744 Rufi
1195 2670 1331 2746 Ephesii,

207 2775 340 2859 TraJani
363 2776 522 2859 aequalis,
544 2775 653 2843 libello
669 2775 848 2842 utilissimo
865 2772 934 2860 περὶ
957 2775 1119 2860 ὀνομασίας
1140 2781 1201 2839 τῶν
1222 2779 1261 2839 τῦ
1281 2779 1332 2840 ἀν·

208 2886 335 2970 θρώπου
366 2886 480 2970 μορίων
510 2886 581 2951 sine
611 2905 730 2968 magno
762 2907 841 2952 sane
862 2887 977 2953 labore
1000 2887 1159 2971 sumpsit:
1182 2887 1217 2952 id
1239 2888 1329 2972 quod

205 2997 344 3079 primus,
359 3002 522 3081 quantum
539 2996 616 3076 scio,
638 2996 874 3063 animadvertit
888 3003 928 3062 Is.
945 3003 1141 3064 Carantonus
1164 2998 1263 3064 anim.
1284 2997 1328 3062 ad

205 3106 322 3172 Athen.
341 3128 376 3191 p.
397 3107 458 3172 431
482 3105 531 3170 ad.
554 3105 655 3188 Lugd.
681 3111 762 3171 1600
783 3107 943 3194 folfdth.
957 3109 1004 3172 IX
1026 3113 1087 3176 399
1110 3105 1171 3196 8.).
1194 3107 1330 3190 Ignora-

205 3221 285 3281 runt
305 3215 369 3281 hoc
391 3221 452 3281 aut
474 3222 563 3282 certe
586 3235 652 3281 non
682 3223 843 3283 curarunt
864 3218 922 3302 qui
944 3218 1111 3284 Pollucem
1139 3217 1329 3304 ediderunt;

123 3383 124 3390 ,
206 3345 312 3409 neque
333 3325 368 3389 id
383 3325 481 3391 nimis
502 3326 664 3410 vitupero,
686 3347 763 3392 nam
785 3328 936 3412 profecto
958 3329 1009 3396 his
1032 3328 1239 3413 temporibus
1262 3349 1327 3393 me·

206 3434 312 3498 dicam
340 3434 427 3499 inter
455 3439 562 3500 artem
591 3441 625 3499 et
646 3435 895 3518 grammaticam
918 3440 996 3524 μέγα
1011 3437 1118 3525 χάσμα
1146 3437 1328 3523 ἐστήρικται.

206 3543 279 3611 Ouo
309 3543 451 3626 majores
482 3550 523 3609 M.
546 3551 683 3626 Haupu'o
704 3545 832 3626 gratiae
854 3548 1044 3614 referendae
1069 3554 1155 3630 sunt,
1186 3548 1243 3632 qui
1266 3569 1326 3613 nu·

203 3654 355 3739 perrime,
383 3653 416 3718 in
439 3653 581 3720 Hermae
603 3654 666 3722 vol.
688 3654 737 3720 111
758 3677 789 3740 p.
813 3662 992 3740 224-228,
1015 3641 1116 3742 quam
1137 3657 1327 3742 propinqua

201 3763 387 3830 intercedat
415 3765 502 3830 inter
529 3765 675 3833 Pollucis
704 3751 845 3851 Rufiquo
881 3768 1069 3836 doctrinam
1104 3769 1327 3850 necessitudo,

204 3873 362 3959 exemplis
378 3875 421 3938 ad
435 3872 519 3938 hano
529 3895 597 3940 rem
612 3874 818 3960 probandam
840 3876 980 3944 maxime
991 3877 1157 3964 appositis
1174 3878 1326 3946 demons-

203 3985 349 4053 traverit.
392 3982 569 4050 Manifesta
583 3984 734 4069 profecto
756 4008 810 4054 res
833 3996 899 4071 est;
922 4009 1027 4074 quare
1048 3987 1202 4073 pluribus
1217 4010 1325 4055 exem-

199 4098 266 4181 plis
288 4093 504 4164 corradendis
526 4095 669 4162 lectores
692 4098 814 4164 morari
835 4097 922 4175 nolo.

269 4208 343 4272 lam
358 4225 446 4288 vero,
456 4204 579 4288 quibus
594 4213 728 4289 praeter
737 4208 859 4273 Rufum
867 4208 902 4272 in
916 4207 973 4274 illo
985 4207 1070 4274 libro
1083 4207 1323 4276 conscribendo
1400 4223 1405 4232 ’

201 4314 318 4383 Pollux
338 4337 422 4382 usus
439 4315 484 4383 sit
507 4303 675 4399 subsidiis,
698 4318 940 4401 anquirendum
964 4323 1024 4383 est.
1070 4317 1145 4395 Qua
1165 4317 1199 4382 in
1221 4339 1324 4402 quae·

1079 4421 1095 4471 6
1103 4418 1118 4448 ἢ
