3344 5126
739 397 780 460 85

199 584 318 650 Pollux
345 582 540 668 inspexerit,
576 578 755 647 admodum
783 576 921 644 dubium
949 597 1022 642 esse
1059 578 1234 656 concedes
1263 575 1321 641 ubi

198 697 334 761 tertium
364 692 515 761 clearchi
541 689 770 760 testimonium
800 687 818 773 ᾗ
851 693 911 754 185
934 709 974 753 ex
996 688 1082 755 Rufo
1107 687 1152 778 (p.
1182 692 1234 764 40)
1265 686 1320 752 dc·

202 805 465 910 scriptumaeesse
488 802 735 889 compereris,¹)
764 805 922 884 quartum
948 799 1025 865 ver'c
1066 817 1132 881 quc
1160 795 1320 862 Clearcho

200 907 427 984 testimonium
450 911 664 980 denuntietur
684 912 792 978 locum
814 908 849 973 in
871 913 944 975 toto
967 907 1172 974 onomastico
1194 907 1321 972 frustra

201 1026 413 1112 quaesiveris.
433 1004 477 1076 -ὲ
497 1025 548 1089 En
572 1024 681 1090 omnia
704 1041 789 1106 quae
813 1042 852 1086 ex
867 1019 1099 1102 Peripateticis
1121 1018 1194 1102 ipsc
1205 1016 1323 1081 Pollux

199 1143 372 1205 mutuatus
401 1137 466 1204 est!
494 1134 667 1200 Accedunt
694 1129 991 1198 adnotatiunculae
1019 1128 1183 1213 quaedam
1206 1148 1245 1192 ex
1271 1127 1320 1210 i'g-

199 1247 288 1314 notis
306 1225 465 1315 'fontibus
493 1245 653 1312 haustae:
681 1246 698 1329 ξ
729 1247 778 1307 50.
811 1246 859 1307 69.
891 1249 939 1310 89.
973 1239 1053 1328 95.²)
1103 1238 1252 1334 Denique
1282 1257 1322 1300 ex

201 1363 317 1426 Sorani
330 1357 467 1442 Ephesii
482 1357 575 1424 libris
593 1353 662 1442 περὶ
676 1353 882 1438 ἐτυμολογιῶν
902 1351 1107 1434 τοῦσώματος
1131 1353 1182 1412 τοῦ
1200 1347 1320 1432 ἀνθρώ-

198 1491 255 1532 που
282 1489 390 1554 pauca
419 1467 582 1552 quaedam
610 1465 766 1532 hausisse
788 1445 955 1530 Pollucem
984 1483 1114 1528 censeo.
1165 1459 1320 1526 Certissi-

199 1601 289 1643 mum
317 1578 417 1644 huius
452 1577 617 1662 opinionis
647 1580 875 1658 argumentum
907 1595 946 1639 ea
974 1573 1136 1658 praebent
1166 1590 1250 1654 quae
1279 1566 1321 1632 'de

198 1688 405 1771 Longimanu
428 1692 488 1754 aut
508 1687 611 1752 Dario
633 1692 694 1752 aut
704 1685 811 1750 Xerxe
835 1684 970 1768 scripsit
992 1683 1108 1749 Pollux
1129 1685 1147 1770 ᾗ
1166 1685 1321 1762 151.152,

200 1821 275 1866 cum
292 1798 409 1866 Sorani
431 1799 494 1864 hac
518 1798 557 1864 de
580 1819 615 1863 re
631 1795 914 1876 commentatione,
937 1796 979 1862 ab
995 1793 1116 1860 Orione
1138 1816 1169 1878 p.
1188 1796 1248 1857 130
1272 1811 1321 1875 sq.

199 1909 306 1976 Sturz.
328 1909 417 1994 (etp.
437 1909 512 1996 189)
529 1915 670 1990 servata,
681 1907 874 1993 planissime
889 1905 1106 1973 concinentia.
1152 1903 1216 1984 Qui
1238 1901 1321 1968 haec

199 2043 238 2086 ex
261 2019 379 2087 Sorani
400 2019 616 2104 Etymologiis
632 2007 802 2103 descripta
823 2029 906 2084 esse·
921 2017 1130 2097 concesserit
1152 2016 1182 2081 is
1206 2036 1246 2080 ex
1267 2034 1322 2081 eo·

199 2130 272 2194 dem
307 2128 444 2196 Soranei
477 2130 589 2214 operis
619 2131 692 2194 loco
722 2150 787 2195 non
818 2128 985 2194 dubitabit
1020 2133 1175 2211 excerpta
1211 2125 1319 2189 dicere

198 2261 285 2325 quae
315 2239 355 2304 de
378 2240 425 2304 eis
447 2239 576 2322 profert
598 2239 715 2305 Pollux
737 2241 754 2324 ᾗ
780 2236 849 2304 157.
874 2243 932 2304 158
955 2238 1129 2317 mensuris,
1153 2257 1240 2320 quae
1262 2256 1321 2318 per

198 2371 331 2417 manum
361 2348 453 2414 fiunt.
497 2350 603 2417 Porro
632 2372 706 2416 cum
730 2349 851 2415 Orione
873 2370 905 2431 p.
928 2351 978 2412 98.
1002 2351 1041 2413 99
1066 2346 1106 2412 cf.
1129 2335 1209 2412 Poll.
1237 2347 1255 2430 ᾗ
1279 2350 1320 2412 98
1364 2419 1366 2426 ,

199 2460 272 2546 (qui
293 2460 388 2528 locus
411 2458 637 2525 emendandus
667 2465 727 2539 est,
758 2481 823 2526 non
846 2455 1061 2537 mutilandus,
1089 2443 1133 2522 ut¹
1149 2455 1318 2522 Bekkerus

112 2555 115 2562 ¹
198 2568 305 2658 fecit);
328 2589 402 2634 cum
424 2567 505 2634 Poll.
530 2571 547 2653 ᾗ
570 2575 648 2634 221:
668 2567 807 2656 (μὴἳραν
829 2569 968 2655 καλοῦσι)
991 2564 1043 2631 καὶ
1066 2568 1188 2652 belgoto·
1213 2563 1261 2651 ἀφ’
1281 2565 1318 2650 ἧς

199 2676 251 2745 καὶ
279 2679 419 2764 ἀδελφοί.
455 2678 494 2742 cf.
530 2678 640 2746 Orion.
668 2704 699 2767 p.
722 2685 772 2761 45,
797 2688 851 2748 17:
875 2679 996 2765 δελφὺς.
1023 2715 1060 2725 -
1090 2678 1244 2762 ἡμήτρα,
1270 2669 1316 2739 ὅτι

199 2789 404 2877 &telesticide
426 2793 515 2857 ἐστιν.
559 2797 683 2856 Sereno
711 2791 793 2874 haec
816 2791 927 2858 deberi
949 2794 983 2856 et
1004 2788 1221 2873 Etymologici
1245 2786 1318 2851 Ori-

199 2903 272 2972 cnei
294 2903 382 2968 ratio
405 2902 560 2966 universa
584 2900 711 2983 suadet,
733 2908 909 2998 etcertum
932 2900 1015 2967 adeo
1039 2907 1091 2966 est
1112 2898 1243 2967 collatis
1265 2898 1316 2964 1113

199 3107 265 3160 ὀστᾶ
289 3105 379 3158 αὐτῶν
409 3104 582 3173 (digitorum)
606 3105 763 3162 σκυταλίδες
792 3105 837 3158 καὶ
868 3107 1013 3178 φάλαγγες.
1057 3107 1128 3162 Vide
1154 3123 1220 3162 num
1245 3106 1317 3159 forte

198 3190 360 3246 Aristotelis
377 3205 476 3243 nomen
495 3205 528 3243 ex
545 3189 666 3260 pleniore
684 3189 747 3243 Rufi
764 3188 889 3258 exemplo
906 3190 1005 3246 Pollux
1023 3192 1215 3262 descripserim
1241 3191 1316 3260 quali

198 3291 261 3329 eum
278 3291 357 3328 usum
375 3291 435 3328 esse
454 3291 516 3328 mox
540 3274 781 3330 demonstrabitur.
816 3274 945 3330 Indidem
964 3276 1103 3346 Sophoclis
1114 3294 1213 3332 nomen
1226 3295 1316 3346 sump-

102 3405 107 3422 ,
198 3358 270 3412 sisse
287 3357 398 3412 videtur
421 3359 500 3426 512,
526 3359 603 3414 cuius
628 3362 688 3415 loco
710 3357 856 3431 Ἀθηναῖοι
885 3365 1044 3431 comparent
1071 3362 1100 3418 iu
1127 3365 1229 3418 nostris
1250 3363 1313 3418 Rufi

199 3440 409 3511 exemplaribus,
427 3459 452 3510 p.
471 3446 512 3498 15.

224 3567 228 3571 -
267 3528 292 3595 1)
310 3523 511 3604 „Klelruppod
527 3529 590 3584 Rufi
608 3529 757 3596 editiones;
777 3530 825 3584 sed
841 3526 1016 3603 ,Kisapoe
1033 3547 1066 3584 ex
1077 3531 1189 3586 Polluce
1209 3533 1312 3590 dudum

195 3609 323 3666 restituit
343 3610 513 3668 Cosooboous
535 3614 617 3669 anim.
643 3615 678 3669 ad
702 3616 802 3670 Athen.
826 3613 867 3670 IX
891 3616 940 3668 399
958 3615 988 3682 Β,
1013 3614 1061 3669 ubi
1084 3615 1158 3669 idem
1183 3615 1312 3671 Clearchi
1401 3661 1403 3663 .

195 3698 272 3752 locus
290 3698 402 3752 citatur.
436 3697 515 3754 Idem
533 3716 608 3754 error
625 3699 698 3768 apud
714 3699 812 3770 Phleg.
830 3697 929 3754 mirab.
946 3704 972 3758 4.
978 3720 985 3765 ;
1003 3718 1029 3755 v.
1050 3701 1075 3753 c.
1094 3701 1239 3756 Muellerus
1257 3717 1309 3760 scr.

196 3800 249 3840 rer.
268 3783 346 3839 Alex.
367 3783 460 3852 magni
476 3801 501 3853 p.
520 3785 561 3841 81.
1319 3777 1324 3788 ’

264 3869 290 3932 1)
307 3863 524 3923 Adrumerarem
544 3870 589 3925 his
614 3873 629 3940 §
656 3871 704 3923 114
728 3887 793 3940 sqq,
819 3869 874 3924 nisi
889 3869 1070 3941 interpolatas
1090 3889 1150 3927 esse
1169 3871 1309 3930 crederem

194 3951 244 4005 has
264 3951 297 4006 de
315 3949 391 4006 vocis
408 3951 514 4021 origine
533 3956 792 4020 commentationem
817 3955 917 4009 desunt
939 3956 1012 4011 enim
1034 3956 1061 4010 in
1082 3957 1222 4012 codicibus
1240 3961 1264 4012 A
1284 3962 1313 4013 et

196 4033 226 4101 0,
247 4036 266 4092 i.
291 4035 458 4106 septimis.
481 4037 522 4091 Ex
546 4039 635 4095 Stoici
658 4040 775 4095 alicuius
797 4041 974 4110 grammatici
997 4041 1077 4096 libris
1098 4045 1226 4112 excerpta
1242 4044 1311 4098 haec

195 4139 255 4177 esse
277 4122 417 4177 videntur:
449 4120 479 4178 hi
508 4122 581 4176 enim
603 4141 667 4193 prae
692 4125 792 4188 ceteris
815 4142 910 4179 vocem
941 4143 1002 4180 esse
1030 4127 1097 4197 ἀέρα
1120 4128 1310 4200 πεπληγμένον

196 4206 345 4261 docebant:
363 4207 397 4261 cf.
415 4209 448 4264 R.
470 4208 622 4263 Volkmann.
640 4211 675 4264 ad
692 4210 835 4265 Plutarch.
854 4210 888 4264 de
907 4226 975 4280 mue.
993 4228 1018 4280 p.
1039 4215 1082 4268 51.
1100 4211 1174 4268 Add.
1192 4210 1312 4266 Cramer.

196 4291 291 4346 anecd.
309 4292 359 4348 01.
377 4293 417 4348 IV
434 4294 484 4345 316
502 4311 543 4364 sq.
561 4297 703 4359 Aroleloo,
723 4295 847 4350 Socratis
866 4295 1013 4365 magistro,
1037 4297 1119 4352 huius
1143 4297 1312 4352 definitionis

195 4376 381 4432 inventionem
398 4378 498 4434 tribuit
515 4378 641 4436 Laertius
658 4380 798 4450 Diogenes
816 4380 855 4436 IV
876 4381 917 4437 11.
