3344 5126
897 432 937 491 38

361 620 394 682 in
418 616 523 702 epulis
547 615 673 678 musica
696 619 822 678 utentes
846 614 954 677 facere
987 613 1105 678 lrerods
1134 621 1290 696 tanquam
1319 617 1482 694 mede‘ce'no,

364 728 447 812 ὕβριν
475 732 509 792 et
538 719 687 806 ἀκοσμίαν
714 724 910 805 depellente,
947 745 1054 788 mores
1082 723 1268 805 mitigante3
1304 728 1484 788 Aristonem·

364 859 437 904 esse
459 836 546 900 hanc
570 856 699 917 quoque
723 836 986 904 sententiaurex
1008 834 1185 898 Plutarcho
1215 855 1296 897 mus.
1320 839 1359 898 43
1383 833 1483 899 disci·

361 969 448 1028 mus;
474 947 514 1011 de
537 946 666 1010 animae
690 944 740 1006 διὰ
762 937 814 1026 τῆς
839 949 982 1027 μουσικῆς
1006 941 1156 1026 καθάρσει
1184 943 1349 1028 pluribuS,
1378 950 1415 1008 ut
1436 946 1482 1008 ri-

359 1058 469 1139 detur,
498 1055 580 1121 locis
603 1055 819 1120 Aristoxenus
850 1055 1091 1137 disputaveram
1126 1054 1165 1118 cf.
1199 1053 1333 1119 Cramer
1370 1056 1482 1120 anecd.

358 1168 462 1232 Paris.
493 1167 508 1229 I
542 1169 600 1229 172
629 1165 784 1248 (Aristox.
816 1165 854 1230 sr.
878 1171 919 1230 24
940 1163 1088 1230 Mueller.
1119 1165 1208 1249 [hist.
1237 1185 1284 1246 gr.
1312 1165 1344 1228 II
1376 1166 1482 1249 280]);

360 1278 508 1363 Apollon.
531 1275 610 1341 hist.
634 1277 706 1340 mir.
725 1279 775 1339 49.
800 1275 867 1358 (Ar.
883 1277 922 1339 fr.
941 1276 1004 1359 76).
1028 1273 1091 1338 sed
1115 1274 1219 1354 magis
1243 1273 1341 1337 etiam
1363 1295 1483 1339 memo-

360 1387 476 1467 rabile,
500 1386 587 1468 quod
603 1386 644 1450 dc
660 1385 805 1450 musicae
823 1382 982 1470 θεραπείᾳ,
1006 1385 1039 1448 in
1062 1379 1230 1454 συνουσίαις
1246 1385 1386 1450 maximo
1401 1385 1485 1466 utili,

362 1497 531 1562 simillima
577 1501 676 1578 atque
719 1477 908 1560 Athenaeus
950 1495 1213 1577 Plutarchusque
1259 1495 1386 1579 profert
1422 1496 1483 1561 Dio

361 1608 531 1688 Chrysost.
561 1607 595 1670 in
624 1606 739 1670 eadem
767 1627 865 1688 quam
897 1606 993 1670 modo
1020 1604 1153 1670 laudavi
1183 1605 1332 1670 oratione
1353 1605 1484 1686 XXXII,

361 1724 454 1800 §ht
477 1722 526 1782 58.
549 1739 580 1799 p.
609 1721 681 1782 435.
704 1752 747 1763 -
768 1715 817 1780 Ex
845 1717 1041 1780 Aristoxeno
1072 1736 1111 1780 ea
1142 1735 1271 1797 quoque
1301 1716 1482 1800 sumpsisse

274 1867 276 1870 -
367 1827 596 1907 Plutarchum,
628 1847 712 1908 quae
741 1826 822 1892 ibid.
845 1848 872 1890 c.
903 1831 942 1891 43
966 1827 1006 1891 de
1029 1826 1156 1891 musica
1189 1846 1254 1889 non
1281 1824 1353 1909 πρὸς
1382 1825 1484 1912 τέρψιν

367 1937 457 2020 μόνον
481 1937 523 2001 ad
547 1937 696 2003 convivia
718 1959 739 2001 a
753 1937 921 2002 veteribus
937 1938 1099 2002 arcessita
1122 1937 1280 2018 disputat,
1303 1959 1398 2002 nemo
1421 1958 1484 2002 non

363 2048 533 2113 concedet:
567 2047 654 2112 redit
683 2047 797 2111 eadem
826 2046 925 2129 plane
960 2047 1122 2112 sententia
1157 2047 1246 2128 apud
1278 2047 1483 2113 Athenaeum

360 2184 392 2245 p.
417 2163 477 2224 628
501 2157 537 2222 Β.
559 2193 602 2204 --
618 2156 766 2240 Denique
791 2157 878 2240 qnod
893 2157 1171 2224 Lacedaemonios
1194 2157 1277 2222 dicit
1300 2157 1484 2223 Athenaeus

363 2291 393 2352 p.
417 2274 479 2334 628
503 2268 529 2332 B
551 2274 602 2333 ter
623 2266 784 2332 musicam
814 2274 1004 2351 corruptam
1036 2269 1243 2334 eductorem
1272 2269 1485 2335 sobrietatem

362 2379 548 2460 reduxisse,
571 2378 606 2442 id
629 2377 718 2442 etin
739 2379 928 2445 universum
950 2379 1098 2464 apprime
1122 2380 1272 2446 convenit
1301 2381 1335 2444 in
1357 2380 1484 2446 Aristo·

362 2491 438 2557 xcni
469 2510 520 2572 os,
553 2509 648 2572 quem
681 2487 953 2584 Lacedaemoniis
986 2490 1107 2555 veteris
1134 2490 1281 2558 musicae
1310 2492 1483 2557 tenacibus

363 2600 453 2685 (Ath.
476 2599 552 2665 XIV
568 2605 627 2664 632
651 2600 690 2686 F)
706 2600 827 2667 favisse
849 2604 1104 2666 consentaneum
1126 2608 1190 2684 cst,
1213 2608 1245 2668 et
1267 2624 1340 2669 esse
1355 2603 1484 2669 Aristo-

361 2712 435 2776 xeni
458 2712 525 2777 aha
546 2711 689 2794 quadam
705 2712 990 2794 argumentatione
1013 2712 1118 2777 evinci
1138 2720 1257 2796 potest.
1293 2716 1383 2792 Quas
1398 2716 1484 2779 enim

360 2822 502 2887 vidimus
525 2821 614 2906 apud
635 2820 840 2886 Athenaeum
862 2821 1140 2907 Plutarchumque
1163 2831 1195 2890 et
1217 2825 1354 2891 Dionem
1376 2824 1483 2890 redire

361 2933 495 2998 easdem
519 2932 714 3013 sententias,
737 2952 795 2998 eae
818 2932 874 2998 uni
897 2934 1057 2999 debentur
1080 2935 1236 3018 scriptori
1265 2936 1308 3001 ab
1339 2933 1392 2998 his
1414 2956 1483 3000 om-

363 3045 461 3110 nibus
484 3042 674 3125 compilato,
701 3063 774 3107 cum
797 3043 1018 3109 certissimum
1041 3045 1098 3125 sit,
1127 3068 1192 3111 non
1214 3067 1253 3110 ex
1275 3046 1379 3111 altero
1403 3046 1483 3110 alte-

362 3176 435 3218 rum
471 3173 528 3218 eas
565 3152 826 3236 transcripsisse.
898 3153 1110 3220 Plutarchum
1153 3161 1262 3221 autom
1305 3160 1485 3220 Aristoxeni

364 3259 540 3347 συμμίκτοις
564 3262 761 3345 συμποτικοῖς
784 3285 880 3328 usum
903 3285 975 3329 esse
999 3265 1136 3346 scimus;
1167 3266 1247 3349 quid
1274 3267 1377 3349 igitur
1406 3287 1483 3330 eun·

364 3376 438 3440 dem
461 3361 630 3438 auctorem
645 3372 848 3438 Athenaeum
864 3373 1067 3467 Dionpmque
1088 3375 1270 3457 inspexisse
1294 3377 1483 3442 dubitamus

362 3484 550 3550 affirmare?
577 3483 651 3549 Jarn
675 3505 758 3568 quae
782 3484 822 3548 de
845 3485 972 3550 musica
993 3492 1044 3551 ter
1060 3509 1080 3551 a
1094 3486 1365 3553 Lacedaemoniis
1389 3486 1483 3553 resti-

362 3600 434 3660 tuta
455 3600 570 3660 narrat
596 3595 798 3678 Athenaeus,
823 3618 862 3660 ea
884 3595 1065 3676 respiciunt
1094 3597 1301 3679 apertissime
1329 3635 1370 3645 -
1393 3598 1483 3680 quio·

363 3706 443 3788 quid
465 3705 672 3771 contradicat
697 3711 903 3770 nortmannus
926 3707 969 3770 ad
991 3707 1074 3770 Plut.
1097 3707 1137 3771 de
1161 3729 1242 3771 mus.
1266 3728 1296 3788 p.
1312 3712 1354 3772 80
1375 3745 1418 3754 -
1440 3707 1483 3772 ad

362 3813 437 3879 illas
461 3815 501 3880 de
524 3815 673 3880 citharae
696 3815 818 3880 fidibus
833 3817 1034 3898 Terpandro,
1050 3816 1224 3901 'Phrynidi
1247 3817 1417 3881 Timotheo
1440 3819 1482 3882 ab

364 3924 496 4007 ephoris
526 3925 646 3990 excisis
673 3923 821 3989 fabellas.
876 3925 947 3990 Hae
979 3947 1055 3992 vero
1089 3927 1229 3992 fabellae
1260 3948 1280 3990 a
1311 3933 1482 3994 Plutarcho

364 4021 454 4118 (inst.
470 4035 546 4099 Lac.
564 4036 613 4109 17,
637 4033 769 4117 apopth.
793 4033 870 4098 Lac.
893 4057 922 4118 p.
946 4039 1008 4098 220
1032 4034 1056 4098 G
1079 4036 1107 4120 [I
1129 4041 1195 4118 2p.
1219 4030 1290 4101 879.
1307 4037 1419 4124 wyte]
1443 4038 1483 4102 de

363 4147 446 4229 prof.
475 4146 509 4209 in
540 4145 612 4210 virt.
645 4151 682 4210 13
711 4165 742 4226 p.
771 4149 813 4207 84
843 4144 879 4206 A.
910 4145 1004 4228 Agid.
1037 4150 1089 4233 lo)
1119 4153 1296 4211 narrantur
1324 4152 1356 4212 et
1383 4154 1483 4214 Ilione

365 4261 576 4338 Chrysoslomo
592 4257 654 4341 (or.
670 4253 778 4320 XXIII
794 4261 833 4320 57
850 4276 879 4337 p.
891 4260 953 4321 470
968 4255 1113 4342 Ειιιμ.Οί.
1131 4256 1246 4322 Athen.
1256 4257 1329 4322 XIV
1347 4263 1407 4322 630
1424 4257 1483 4342 E.),

365 4386 447 4452 quos
472 4366 594 4432 seimus
618 4365 699 4432 alibi
728 4387 811 4432 usos
829 4387 900 4434 esse
927 4365 1114 4434 Aristoxeni
1136 4367 1249 4448 libris;
1273 4369 1305 4432 et
1328 4372 1380 4434 est
1403 4387 1482 4436 sane
