3344 5126
723 429 762 490 65

185 606 393 680 Democlidis,
421 607 668 689 Protagoridae,
690 593 923 692 Euphorionis,
945 611 1095 677 aliorum.
1136 609 1221 675 Nam
1243 629 1302 674 nec

187 722 349 800 quantum
372 716 491 784 horum
507 715 646 801 singulis
670 718 789 784 debeat
803 719 900 802 iuba,
922 737 984 784 nec
999 741 1076 788 vero
1092 742 1170 787 unm
1186 741 1298 787 omnes

185 827 259 912 ipse
289 827 482 912 inspexerit,
511 828 623 913 aliqua
653 850 727 896 cum
756 830 990 916 probabilitate
1018 829 1151 896 decerni
1180 836 1302 915 potest.

186 936 354 1014 -Quem
382 937 573 1006 Athenaeus
596 939 671 1004 XIV
700 945 762 1007 634
790 943 820 1007 D
850 941 953 1008 Iubae
977 939 1144 1024 subripuit
1166 945 1303 1005 centun-

187 1047 304 1128 culum,
328 1048 356 1112 ei
378 1048 542 1116 indiculus
565 1051 712 1118 intextus
736 1058 789 1119 est
811 1059 988 1120 auctorum
1011 1052 1069 1137 qui
1092 1052 1132 1116 de
1154 1050 1245 1117 tibiis
1269 1057 1302 1116 et

184 1157 375 1224 tibicinibus
400 1158 605 1244 scripserint,
626 1163 706 1227 κατὰ
728 1161 882 1247 στοιχεῖον
903 1163 1100 1247 dispositus.
1131 1161 1195 1230 Sed
1216 1161 1305 1226 hunc

185 1266 226 1331 ab
255 1267 330 1351 ipso
359 1268 528 1336 Athenaeo
552 1292 591 1338 ex
613 1293 714 1356 opere
744 1273 858 1358 aliquo
887 1273 1165 1357 pinacographico
1195 1279 1305 1338 trans·

185 1375 346 1461 scriptum
368 1399 451 1461 esse,
472 1380 613 1447 libenter
636 1385 780 1449 concedo
803 1389 874 1449 Did.
905 1388 1093 1450 Volkmanno
1112 1383 1208 1469 symb·
1225 1382 1304 1467 phil.

183 1485 345 1554 Bonnens.
368 1511 398 1572 p.
422 1493 508 1556 723.;
530 1498 570 1557 ut
590 1491 666 1557 hinc
690 1491 730 1557 de
751 1494 854 1560 Iubae
876 1493 1026 1561 fontibus
1048 1515 1089 1559 ne
1112 1495 1304 1579 conjectura

181 1596 316 1680 quidem
338 1597 409 1664 fieri
431 1602 551 1684 possit.
578 1602 703 1669 Contra
724 1603 757 1668 in
780 1603 878 1687 parili
899 1604 973 1672 loco
990 1602 1035 1668 IV
1056 1609 1114 1670 182
1139 1603 1304 1688 OEphori

183 1704 479 1795 Euphranorisque
511 1719 545 1778 et
572 1713 739 1780 Alexionis
766 1714 899 1780 nomina
928 1735 967 1780 ex
996 1714 1103 1799 ipsius
1131 1715 1234 1782 Iubae
1263 1715 1303 1778 de

183 1816 275 1882 tibiis
292 1821 568 1890 commentatione
590 1823 714 1891 hausta
737 1845 810 1891 esse
831 1832 925 1909 puto.
955 1825 994 1889 In
1017 1824 1194 1891 eiusmodi
1217 1825 1303 1889 enim

184 1934 357 1997 auctorum
391 1931 558 2000 indicibus
590 1934 626 1998 id
655 1935 834 2022 praecipue
867 1934 1144 2003 considerandum
1175 1956 1303 2015 censeo,

184 2042 297 2102 utrum
320 2039 399 2105 κατὰ
425 2043 579 2128 στοιχεῖον
602 2046 763 2112 collocata
781 2046 846 2111 sint
861 2046 1003 2125 nomina,
1025 2066 1135 2112 necne.
1166 2044 1251 2109 Illud
1275 2043 1304 2109 si

182 2146 229 2230 fit,
262 2145 375 2214 πίνακα
402 2153 546 2238 aliquem
580 2153 763 2222 adhibitum
797 2177 871 2222 esse
905 2156 973 2222 veri
1003 2161 1056 2222 est
1089 2155 1302 2234 simillimum3

182 2265 299 2326 contra
314 2261 373 2328 ubi
396 2262 478 2331 ordo
501 2268 691 2350 στοιχειακός
714 2268 755 2334 ab
778 2267 853 2351 ipso
877 2264 1095 2349 compilatore
1124 2265 1223 2348 plane
1245 2285 1302 2328 ne-

182 2366 309 2449 glectus
338 2379 398 2456 est,
427 2376 531 2442 multo
560 2375 640 2442 mihi
669 2377 802 2461 quidem
824 2374 1031 2462 probabilius
1062 2379 1124 2457 est,
1153 2395 1191 2439 ex
1214 2376 1300 2439 anti·

183 2478 298 2566 quiore
320 2480 434 2566 aliquo
459 2492 606 2569 auctore,
629 2488 688 2573 qui
702 2487 753 2553 his
768 2487 852 2571 ipsis
870 2483 1091 2569 scriptoribus
1107 2485 1250 2569 plurima
1267 2507 1301 2550 se

183 2588 301 2655 debere
322 2591 537 2679 indicaverat,
560 2597 632 2664 eius
655 2596 744 2665 modi
768 2595 894 2661 indices
919 2593 1161 2678 transscriptos
1185 2599 1299 2678 esse.¹)

180 2699 271 2765 Haec
284 2701 401 2768 siresa
415 2711 502 2789 sunt,
515 2708 626 2775 nescio
645 2729 688 2772 an
700 2707 756 2775 illo
768 2707 840 2774 loco
854 2727 911 2774 eos
925 2710 1098 2771 teneamus
1111 2706 1303 2790 scriptores,
1361 2718 1365 2726 ’

181 2812 303 2895 quibus
333 2813 405 2896 ipse
434 2814 518 2882 Iuba
540 2817 573 2883 in
609 2799 701 2885 tibiis
730 2816 956 2884 describendis
978 2816 1137 2901 pleraque
1165 2824 1302 2902 accepta

180 2923 340 2989 retulerit.
370 2925 414 2990 Et
436 2926 569 3012 Ephoro
593 2929 729 3014 quidem
744 2929 844 2995 etiam
866 2925 906 2994 de
921 2925 1117 3012 pyrrhichae
1130 2927 1302 2994 inventore

180 3052 354 3100 assensum
382 3056 456 3102 esse
492 3035 609 3105 Iubam
643 3060 746 3122 supra
782 3043 826 3124 (p.
859 3043 897 3104 52
927 3060 958 3102 n.
978 3040 1028 3124 4.)
1057 3036 1223 3105 adnotavi.
1259 3075 1301 3087 -

180 3141 330 3228 Omnino,
352 3167 449 3230 quem
471 3147 504 3211 in
520 3148 707 3234 Assyriacis
729 3150 852 3217 scimus
866 3149 1027 3216 Berosum
1045 3153 1196 3214 secutum
1219 3169 1300 3229 esse,

179 3256 214 3320 in
248 3256 510 3343 antiquitatibus
539 3260 698 3327 Romanis
719 3260 919 3344 Varronem,
951 3280 1025 3327 eum
1057 3281 1185 3326 sumere
1214 3259 1300 3340 licet,

180 3387 254 3432 cum
281 3375 427 3452 nequeat
455 3369 498 3436 ad
520 3370 679 3438 amussim
701 3372 846 3455 probari,
870 3371 971 3438 etiam
993 3371 1027 3435 in
1049 3371 1150 3437 rebus
1175 3376 1299 3438 scaeni-

177 3537 249 3592 libro
272 3539 364 3592 locum
387 3538 428 3593 IV
454 3539 537 3593 tros
562 3556 610 3609 pro
629 3556 705 3597 more
722 3556 770 3596 suo
808 3556 905 3611 parum
925 3540 1052 3610 apposite
1071 3539 1245 3595 Athenaeum
1264 3538 1297 3592 de

178 3639 227 3678 suo
244 3623 389 3680 intorsisse
407 3640 569 3694 persuasum
587 3623 684 3680 habeo.
719 3625 771 3678 list
789 3624 862 3679 enim
881 3625 951 3680 illud
970 3641 1038 3694 opus
1061 3609 1093 3678 c'x
1118 3621 1158 3676 eis
1181 3636 1298 3692 quorum

178 3707 297 3763 maxime
347 3707 507 3764 Athenaeus
550 3727 630 3764 usum
658 3709 827 3779 frequentat.
874 3708 977 3765 Contra
1003 3707 1067 3764 inde
1094 3724 1111 3762 a
1140 3705 1296 3775 Tryphonis

180 3792 442 3848 commemoratione
462 3812 488 3862 p.
509 3793 585 3849 llll]
604 3796 698 3850 cetera
716 3794 809 3849 omnia
826 3793 914 3850 Jubae
932 3792 1025 3848 debet.

247 3879 273 3947 1)
293 3876 335 3933 Of.
355 3895 424 3948 quae
443 3896 468 3945 p.
489 3882 528 3933 10.
546 3880 611 3934 adn.
629 3880 741 3948 protuli.
775 3879 821 3934 Ita
837 3878 945 3935 Plinius
969 3894 1050 3948 quem
1069 3876 1098 3929 in
1115 3874 1181 3930 libri
1199 3875 1296 3929 XXIII

178 3967 321 4019 auctorum
345 3963 437 4018 indice
461 3963 574 4020 exhibet
596 3965 630 4020 dc
654 3964 810 4020 Alexandro
832 3964 935 4035 Magno
960 3962 1125 4032 scriptorum
1143 3976 1295 4025 recensum,

178 4065 210 4102 ex
229 4047 321 4102 Statio
341 4046 445 4102 Seboso
465 4047 646 4118 descripsisse
665 4049 789 4104 videtur:
815 4066 840 4104 v.
866 4050 1001 4103 Brennica
1024 4047 1058 4102 de
1082 4048 1187 4101 auctor.
1211 4044 1296 4100 indic.

176 4131 247 4185 Plin.
266 4148 294 4201 p.
314 4135 401 4188 50.—
415 4132 511 4187 Simile
537 4133 604 4202 quid
624 4132 723 4187 Suidas
743 4133 873 4202 suscepit,
896 4134 925 4186 in
945 4131 1058 4201 Sopatri
1073 4129 1172 4185 comici
1189 4128 1296 4183 fabula-

177 4233 236 4270 rum
253 4217 347 4272 titulis
366 4234 399 4272 cx
416 4215 554 4272 Athenaei
582 4217 666 4272 variis
689 4217 759 4272 locis
785 4215 959 4283 colligendis.
995 4215 1037 4271 cf.
1056 4215 1201 4284 praeterea
1219 4209 1296 4266 Suid.

177 4317 201 4357 s.
217 4298 429 4372 Ἀριστώνυμος,
451 4297 604 4373 Ἐπιγένης,
623 4297 811 4374 Μνησίμαχος,
830 4299 1023 4370 Τηλεκλείδης,
1042 4297 1179 4368 Τιμοκλῆς
1192 4295 1296 4366 (com),

179 4382 335 4456 Χαιρήμων,
355 4394 408 4442 cet.

227 4486 288 4526 Roh
299 4487 343 4538 de,
357 4485 389 4528 De
402 4485 497 4529 Pollucis
510 4485 615 4528 sontibus.
1093 4456 1108 4502 5
