3344 5126
903 406 943 469 36

366 591 408 675 (v.
432 594 618 656 Hullcmuuu
648 589 688 654 de
710 588 816 655 Jubae
837 591 905 654 vita
935 597 967 654 et
990 611 1052 655 scr.
1081 613 1112 674 p.
1136 590 1200 674 32),
1228 588 1367 671 Sopater
1396 590 1485 656 illius

362 703 475 784 libros,
498 722 607 766 rerum
629 701 733 785 copiis
749 701 918 765 commode
933 705 1203 766 coacervatarum
1226 698 1407 783 affluentes,
1430 723 1485 765 ex-

363 813 468 898 pilare
491 807 697 878 certaverint.
742 811 827 877 Hinc
849 813 936 877 enim
959 815 1106 895 apparet,
1129 811 1215 875 inter
1236 811 1486 893 promptissima

363 929 396 989 et
410 921 677 989 commodissima
691 922 929 1006 polyhistoriae
945 922 1096 988 subsidia
1117 921 1224 986 Jubae
1239 920 1344 986 libros
1366 921 1485 1003 fuisse3

364 1038 401 1099 ut
424 1034 590 1098 Pollucem
613 1053 744 1116 quoque
766 1033 852 1098 huno
875 1032 981 1097 adiise
1004 1031 1129 1097 sontem
1150 1031 1284 1096 minime
1309 1033 1354 1098 sit
1376 1051 1487 1114 apro·

365 1144 540 1210 habilitate
565 1144 716 1210 alienum.
736 1181 777 1192 -
1165 1195 1166 1198 .

448 1254 511 1319 Hic
533 1257 636 1338 igitur
659 1255 688 1319 si
708 1254 826 1338 pedem
847 1253 948 1336 figere
968 1252 1093 1334 licebit,
1114 1251 1217 1317 multo
1234 1251 1372 1339 :facilius
1394 1257 1486 1334 pote·

364 1367 475 1432 rimus.
486 1367 638 1450 judicare
654 1368 693 1432 de
716 1370 914 1432 saltationum
937 1363 1124 1428 nominibus
1140 1364 1174 1428 in
1190 1363 1348 1428 Athenaei
1364 1368 1485 1446 quarto

366 1477 493 1541 decimo
516 1477 601 1543 libro
617 1477 793 1542 enarratis.
829 1477 1045 1542 Incohaverat
1059 1475 1248 1540 Athenaeus
1270 1473 1346 1538 inde
1369 1493 1389 1536 a
1412 1494 1484 1555 cap.

367 1592 404 1650 19
441 1588 585 1672 amplam
619 1587 659 1652 de
700 1587 880 1652 harmoniis
917 1587 1053 1652 musicis
1094 1585 1403 1652 commentationem
1446 1604 1486 1647 ex

365 1700 537 1762 Heraclide
552 1703 679 1763 Pontico
695 1697 960 1782 transscriptam.
996 1698 1083 1762 Huic
1099 1700 1287 1781 excerptum
1303 1716 1342 1760 ex
1357 1699 1484 1775 Polybio

364 1808 473 1873 locum
496 1809 664 1894 subjungit
686 1830 757 1892 cap.
781 1813 832 1873 22.
883 1808 972 1885 Quae
1004 1809 1159 1890 deinceps
1189 1810 1347 1871 secuntur
1373 1806 1485 1887 capita

364 1924 415 1985 23.
438 1924 489 1985 24.
513 1924 554 1984 25
578 1923 651 1984 tota
675 1900 806 1984 suntin
828 1920 949 1984 veteris
977 1919 1123 1985 musicae
1145 1916 1254 1982 indole
1277 1916 1365 1982 virili
1387 1923 1420 1982 et
1441 1917 1484 1980 ad

364 2051 476 2095 omnes
497 2030 635 2096 virtutes
658 2030 802 2095 animum
823 2031 1003 2113 instigante
1024 2028 1257 2113 praedicanda.
1295 2028 1381 2106 Quin
1401 2027 1484 2093 haec

363 2140 473 2206 omnia
494 2161 534 2235 es
564 2162 629 2206 uno
650 2141 736 2207 libro
757 2140 978 2226 transscripta
999 2141 1065 2206 sint
1085 2140 1201 2223 nequit
1230 2139 1393 2222 dubitari,
1423 2140 1481 2205 sed

364 2253 458 2317 cuius
480 2253 535 2316 ille
558 2251 658 2318 luerit
679 2254 841 2319 incertum
863 2258 923 2320 est.
972 2251 1056 2318 Nam
1085 2254 1143 2338 qui
1163 2253 1342 2318 laudantur
1366 2271 1398 2333 p.
1422 2253 1482 2314 627

363 2362 440 2447 opt
456 2366 564 2428 01628
583 2363 611 2426 Α
629 2369 840 2446 Theopompus
861 2369 895 2431 et
909 2368 1127 2444 Philochorus,
1151 2364 1199 2429 eis
1221 2367 1368 2446 apparet,
1389 2381 1484 2443 prae-

363 2479 416 2539 ter
436 2473 529 2556 ipsos
561 2472 636 2538 illos
668 2471 774 2558 locos,
808 2476 843 2540 in
865 2475 929 2540 hac
951 2474 1225 2542 commentatione
1257 2470 1342 2536 nihil
1370 2469 1486 2536 deberi

365 2603 480 2667 posse3
504 2584 562 2649 sed
584 2606 625 2650 ne
647 2606 686 2652 eo
701 2585 833 2670 quidem
848 2586 1053 2654 valenthaec
1075 2583 1274 2665 testimonia,
1295 2587 1333 2647 ut
1346 2581 1485 2647 inde‘de

363 2764 448 2831 caput
467 2763 610 2827 19101010,
628 2779 690 2818 cum
702 2765 906 2834 paragraphum
919 2768 960 2828 51,
978 2781 1124 2835 quaecum
1139 2763 1255 2834 reliquis
1268 2765 1327 2818 arte
1346 2763 1484 2825 cohaeret,

364 2862 397 2900 ex
420 2845 509 2902 Jubae
532 2845 642 2917 Libycis
667 2848 880 2919 transscriptam
905 2867 966 2904 esse
991 2853 1124 2920 appareat
1151 2850 1253 2904 collato
1282 2846 1400 2903 Aeliano
1424 2848 1482 2900 nat.

364 2931 448 2985 anim.
469 2931 523 2986 VH
543 2935 585 2993 23.
621 2932 751 2988 Ceterum
771 2950 803 2988 ex
820 2933 869 2987 illo
887 2934 1000 2991 Aeliani
1016 2934 1077 2989 loco
1095 2934 1188 2990 nescio
1207 2950 1242 2988 an
1260 2934 1333 2988 forte
1353 2930 1485 3001 colligere

365 3017 461 3082 liceat,
480 3023 542 3086 post
552 3035 648 3072 aunum
660 3023 746 3074 nostri
761 3022 822 3074 aeus·
832 3025 943 3082 serlum,
961 3035 1059 3086 nempe
1070 3022 1136 3090 post
1147 3017 1329 3074 Gaetulorum
1346 3015 1485 3072 tumultus

367 3117 516 3172 oppressos
536 3101 583 3168 (cf.
603 3101 680 3160 Cass.
697 3103 778 3161 Dion.
796 3102 845 3158 LV
862 3104 907 3173 28)
926 3103 1061 3173 scriptum
1080 3121 1141 3159 esse
1159 3103 1228 3159 illud
1239 3104 1328 3159 Jubae
1346 3103 1380 3157 dc
1398 3101 1485 3170 Libya

364 3201 443 3255 opus.
455 3216 491 3227 —
504 3185 625 3241 Plinium
639 3204 719 3257 porro
738 3188 786 3258 qui
804 3205 866 3243 cum
878 3190 1013 3244 Strabone
1030 3193 1158 3244 accurate
1172 3186 1381 3258 comparaverit,
1400 3189 1485 3240 etiam

363 3270 436 3324 hunc
461 3269 550 3324 virum
574 3271 766 3327 doctissimum
790 3265 910 3343 plurima
935 3264 1025 3329 tubae
1049 3272 1149 3328 debere
1179 3275 1335 3343 cognoscet,
1359 3287 1429 3342 qnae
1447 3269 1484 3324 ad

363 3354 509 3425 aequalem
532 3355 643 3411 scilicet
666 3357 858 3428 aemulumque
871 3347 1003 3414 'uoluerit
1026 3357 1189 3412 nominatim
1218 3374 1356 3414 revocare.
1390 3355 1485 3411 Veluti

362 3440 396 3494 cl.
419 3440 509 3495 Strab.
532 3456 558 3509 p.
578 3442 636 3494 150.
672 3439 737 3498 Cas.
756 3442 809 3497 vol.
826 3443 841 3496 l
859 3460 885 3512 p.
905 3446 963 3509 203,
983 3447 1066 3500 2611.
1090 3443 1174 3498 Mein.
1192 3460 1254 3498 cum
1271 3443 1344 3498 Pliu.
1361 3441 1400 3496 VI
1418 3443 1483 3504 2033

364 3524 419 3581 Str.
440 3524 519 3579 XVII
538 3541 564 3594 p.
584 3528 634 3578 826
651 3525 703 3592 (ΙΠ
720 3544 747 3595 p.
769 3527 842 3594 1153,
863 3528 987 3596 5Mein.)
1006 3545 1068 3584 cum
1086 3528 1192 3585 Plin.V
1212 3532 1258 3592 51;
1276 3527 1365 3584 Jubae
1383 3541 1483 3581 nomen

361 3613 479 3680 utroque
508 3610 570 3665 loco
594 3611 698 3681 pressit
723 3611 833 3668 Strabo.
870 3613 903 3668 Iu
920 3612 1023 3683 Libyae
1041 3611 1189 3683 praecipue
1209 3612 1397 3682 descriptione
1421 3610 1483 3680 plu·

363 3695 433 3748 rima
451 3711 466 3745 a
483 3694 557 3750 Juba
577 3695 657 3750 illum
674 3699 832 3752 mutuatum
851 3715 912 3754 esse
937 3713 1100 3768 persuasum
1117 3697 1220 3763 habeo;
1238 3697 1326 3753 veluti
1343 3712 1377 3750 ea
1400 3710 1483 3764 quam

361 3777 443 3832 XVII
461 3781 485 3843 3,
504 3783 519 3831 5
537 3794 564 3848 p.
584 3781 633 3832 821
652 3785 749 3835 namet
772 3780 912 3848 fabellam,
932 3783 978 3837 vix
995 3781 1089 3850 potuit
1107 3780 1217 3836 aliunde
1236 3795 1318 3851 quam
1336 3779 1484 3843 artabae,

363 3861 487 3932 Bogudis
506 3863 685 3930 successoris,
703 3864 815 3934 Libycis
834 3866 947 3926 hauriri.
959 3899 993 3909 -
1006 3868 1095 3924 Jubae
1113 3867 1271 3935 fragmenta
1289 3865 1359 3921 satis
1378 3865 1484 3920 undose

362 3945 478 4014 collegit
497 3947 558 4003 Cor.
576 3950 720 4004 Muellerus
737 3949 1042 4020 hist.gr.fr.111481;
1061 3951 1160 4022 quibus
1179 3953 1322 4021 practerea
1340 3966 1407 4005 usus
1421 3965 1482 4004 sum

362 4033 649 4104 HullemcuullUltraj.
665 4037 750 4100 1845.)
775 4036 881 4102 Plappir'
891 4035 1022 4104 (Monast.
1037 4039 1113 4103 1819)
1130 4037 1252 4092 Gocrlllr'r‘
1263 4035 1389 4103 (Vratisl.
1404 4035 1481 4104 1819)

362 4115 395 4170 de
413 4115 487 4171 Juba
506 4118 794 4183 commentationibus,
813 4135 908 4175 earum
925 4138 1017 4176 meum
1030 4121 1058 4174 in
1072 4140 1161 4190 usum,
1180 4125 1212 4176 ut
1230 4121 1342 4176 credere
1360 4136 1411 4188 per
1429 4122 1482 4180 est.

361 4201 439 4255 nulla
457 4201 605 4274 quicquam
623 4203 752 4260 eontulit.
789 4206 942 4260 Goerlilr'um
961 4206 1043 4261 audio
1061 4224 1133 4263 anno
1150 4207 1178 4264 h.
1197 4224 1220 4261 1.
1238 4205 1329 4260 LXII.
1349 4205 1382 4259 de
1393 4204 1482 4259 lubae

362 4285 475 4350 scriptis
494 4288 612 4344 alteram
631 4289 944 4345 commentatiunculam
963 4292 1100 4358 edidisse;
1119 4309 1201 4363 quam
1219 4289 1288 4346 mihi
1300 4305 1356 4343 non
1368 4289 1404 4344 ad
1422 4303 1482 4344 ma·

361 4383 426 4423 num
444 4371 530 4427 luisse
549 4389 631 4442 aegre
649 4372 717 4430 fero.
