3344 5126
869 292 983 394 40¹

328 537 465 603 pergere
494 511 698 578 Athenaeum
725 511 760 578 in
789 513 1004 581 exscribendo
1032 515 1144 600 aliquo
1173 517 1335 602 scriptore
1363 519 1453 588 ultra

329 629 428 694 etiam
449 647 548 710 quam
569 625 598 688 is
630 626 670 690 de
693 645 732 691 00
754 647 790 691 10
812 625 1010 692 disseruerit
1033 647 1133 710 quam
1160 627 1232 712 ipse
1261 630 1450 698 Athenaeus

328 738 425 804 modo
456 740 666 803 tractaverat.
728 735 792 801 Sed
821 737 953 818 saepius
983 738 1082 804 etiam
1116 745 1309 821 argumento
1341 747 1452 826 potest

330 869 403 914 esse
425 848 508 914 haec
531 845 725 928 oscitantia,
748 847 817 932 jam
840 845 990 915 desinere
1012 849 1102 914 illius
1125 872 1221 933 quem
1244 858 1342 917 antea
1363 875 1450 919 com·

327 961 490 1044 pilaverat
503 959 583 1024 libri
598 958 827 1040 fragmentum,
843 976 1025 1042 novumque
1040 960 1185 1042 incipere
1203 960 1288 1027 alius
1304 965 1450 1030 auctoris

329 1072 450 1137 locum.
494 1070 611 1152 Itaque
640 1068 695 1134 hic
718 1088 848 1150 quoque
872 1088 947 1133 cum
973 1068 1171 1155 pyrrhichae
1193 1072 1381 1140 Athenaeus
1404 1076 1451 1141 11-

329 1182 422 1246 deret
443 1179 640 1246 mentionem
662 1179 742 1260 fieri,
763 1178 797 1242 in
819 1183 961 1242 mentem
982 1180 1109 1246 1011000
1131 1182 1279 1268 videtur,
1308 1185 1450 1252 aliarum

328 1312 460 1375 quoque
490 1289 702 1356 saltationum
735 1287 868 1354 nomina
902 1311 941 1354 ex
971 1290 1036 1355 0110
1067 1295 1203 1359 0101010
1233 1315 1267 1359 00
1294 1303 1450 1379 excerpta

328 1404 467 1469 habere:
498 1421 582 1483 quae
613 1400 727 1466 statim
757 1399 886 1481 adsuit,
925 1419 1052 1484 pannos
1081 1401 1332 1472 diversicolores
1355 1407 1450 1492 juxta

328 1513 507 1580 collocatos
529 1532 648 1596 parum
670 1529 797 1575 curans
836 1509 957 1594 Incipit
977 1511 1078 1593 igitur
1101 1534 1166 1598 ap.
1183 1518 1243 1580 629
1261 1513 1295 1581 Ο.
1319 1537 1450 1602 excerp·

327 1631 398 1689 tum
421 1645 459 1688 ex
481 1627 672 1689 cocmcser‘cc
696 1620 764 1686 0110
787 1620 949 1687 eiusmodi
972 1622 1083 1706 aliquo
1111 1623 1197 1691 libro
1222 1605 1279 1710 qui
1302 1627 1450 1696 saltatio-

328 1733 521 1800 0111110110
542 1752 664 1816 genera
686 1729 883 1798 onomastici
906 1732 1103 1800 admodum
1126 1741 1322 1804 recenseret.

412 1844 487 1910 darn
508 1863 584 1910 1010
608 1863 692 1926 quae
715 1862 787 1924 cap.
804 1845 843 1906 27
868 1842 1000 1910 exhibet
1022 1844 1211 1914 Athenaeus
1233 1847 1449 1914 saltationum

330 1956 475 2037 nomina,
498 1975 537 2020 00
559 1975 598 2020 ex
620 1952 749 2018 duobus
773 1952 933 2043 duntaxat
954 1953 1051 2021 libris
1074 1957 1259 2043 exscripsit.
1309 1958 1393 2024 Nam
1415 1965 1449 2024 01

328 2069 380 2134 bis
395 2065 551 2132 nonnulla
566 2068 798 2130 enumerantur
813 2083 942 2145 genera,
964 2065 1065 2132 veluti
1082 2065 1231 2151 ἀπόκινος,
1249 2071 1448 2156 μακτρισμὸς,

328 2173 478 2262 coppim,
514 2173 669 2256 τελεσιὰς,
700 2169 916 2259 θερμαυστρίς,
947 2178 993 2258 01,
1021 2178 1065 2244 01)
1095 2200 1161 2246 110
1187 2179 1446 2249 thermaustride

329 2291 358 2376 si
380 2287 534 2369 recedas,
568 2287 608 2352 dc
630 2285 682 2351 his
706 2285 857 2352 omnibus
881 2287 985 2355 altero
1008 2289 1081 2355 loco
1113 2289 1244 2358 diversa
1270 2299 1448 2360 narrantur

330 2403 371 2470 ab
401 2402 448 2466 eis
478 2416 563 2482 quae
592 2402 690 2464 antea
720 2395 810 2464 dicta
838 2403 941 2464 erant.
992 2397 1040 2464 De
1066 2395 1201 2487 ἀποκίνῳ
1231 2409 1264 2470 01
1291 2400 1447 2468 celestem

330 2534 431 2598 supra
460 2510 529 2577 dixi
558 2509 602 2595 (p.
632 2509 700 2594 29);
733 2506 913 2594 pyrrhicha
950 2529 1034 2592 quae
1064 2515 1163 2578 antea
1194 2513 1281 2580 iuter
1317 2535 1447 2583 severas

329 2626 511 2708 dignasque
535 2617 822 2700 saltandispccies
837 2621 1081 2705 numerabatur,
1105 2629 1249 2692 ridiculis
1264 2625 1449 2692 saltationi·

328 2737 392 2802 bus
414 2735 608 2801 accensetur
636 2750 668 2812 p.
692 2734 753 2794 629
775 2729 811 2795 F.
860 2729 999 2798 Videtur
1027 2738 1138 2799 autem
1166 2735 1354 2802 Athenaeus
1384 2758 1449 2802 non

329 2849 486 2913 accurate
508 2843 631 2908 interse
654 2860 829 2925 separasse
852 2841 916 2907 duo
939 2842 996 2908 illa
1019 2864 1104 2926 quae
1118 2845 1276 2932 expilarit
1299 2869 1450 2914 onomas-

327 2960 412 3039 tica,
442 2955 500 3022 sed
528 2952 717 3022 confudisse
747 2950 920 3034 utriusque
947 2953 1147 3022 doctrinam:
1175 2961 1212 3022 11
1240 2957 1298 3024 ubi
1320 2959 1449 3026 desinat

327 3068 437 3154 prius,
467 3059 606 3150 incipiat
633 3063 788 3144 alterum,
818 3083 882 3128 non
911 3062 1012 3129 liceat
1040 3066 1085 3131 ad
1112 3069 1269 3134 amussim
1304 3069 1449 3136 definire.
1479 3054 1482 3060 ¹

330 3179 369 3242 In
397 3177 587 3243 universum
614 3180 724 3240 tamen
751 3194 837 3256 quae
865 3180 1000 3240 secundo
1028 3177 1138 3260 posita
1167 3185 1244 3246 sunt
1272 3180 1346 3248 loco
1374 3203 1449 3248 cum

336 3294 464 3354 Polluce
485 3286 590 3369 magis
622 3283 833 3363 conveniunt;
862 3291 1035 3368 separatur
1061 3287 1130 3354 illic
1153 3289 1293 3362 ἀπόκινος
1316 3298 1351 3358 01
1372 3315 1449 3376 μακ-

332 3398 466 3484 τριςμὸς;
490 3419 574 3482 quae
598 3397 637 3461 do
659 3391 772 3478 ἰωνικῷ
789 3393 880 3459 dicta
897 3400 973 3460 sunt
988 3403 1101 3482 aperto
1124 3421 1162 3466 ex
1183 3401 1239 3469 illo
1256 3426 1319 3486 quo
1335 3404 1450 3471 Pollux

329 3531 458 3594 quoque
480 3529 560 3574 usus
577 3507 620 3572 sit
634 3505 723 3570 fonte
739 3503 859 3570 hausta
875 3526 948 3571 esse
964 3528 1064 3592 supra
1080 3509 1124 3595 (p.
1142 3515 1196 3599 30)
1220 3514 1448 3580 demonstravi.

328 3621 422 3686 Hanc
444 3619 596 3686 ultimam
617 3616 719 3700 igitur
739 3619 867 3699 partem
890 3636 928 3680 ex
943 3622 1024 3682 Jtcca
1040 3623 1251 3707 compilatam
1265 3647 1338 3692 esse
1359 3631 1449 3711 puto.

412 3732 450 3797 In
471 3731 535 3798 hac
557 3726 807 3815 probabilitatis
832 3726 941 3810 specie
970 3729 1052 3794 satis
1082 3734 1172 3798 tenui
1202 3738 1449 3806 subsistudume

328 3845 422 3924 foret,
444 3842 510 3908 nisi
524 3841 612 3908 felici
628 3859 709 3906 casu
724 3835 848 3901 factum
864 3842 960 3920 esset,
978 3844 1022 3920 ut,
1039 3841 1139 3907 misso
1155 3844 1255 3912 etiam
1271 3848 1449 3934 Athenaeo,

328 3975 393 4038 quo
407 3974 488 4020 usus
505 3953 549 4018 sit
568 3952 600 4017 in
618 3947 853 4014 saltationibus
869 3950 1064 4015 enarrandis
1080 3960 1216 4023 auctore
1231 3957 1346 4025 Pollux
1367 3962 1449 4026 satis

329 4066 485 4130 distincte
519 4084 716 4146 cognoscere
753 4051 934 4146 possemus.
978 4059 1062 4126 Nam
1096 4087 1169 4132 cum
1198 4075 1300 4136 lotoe
1335 4072 1450 4138 deberi

330 4197 414 4258 quae
441 4175 556 4242 Pollux
582 4179 697 4240 narrat
726 4174 765 4240 de
793 4171 927 4253 organis
957 4172 1093 4244 musicis
1122 4199 1224 4266 supra
1254 4181 1337 4246 satis
1369 4181 1449 4246 mihi

328 4286 440 4356 videar
462 4286 722 4370 demonstrasse,
744 4285 872 4355 levibus
894 4295 1022 4360 tantum
1045 4309 1126 4378 opus
1152 4289 1216 4360 crit
1236 4291 1385 4378 indiciis,
1414 4297 1451 4361 ut
