3344 5126
732 424 769 484 61

192 605 266 670 nari
281 611 320 670 ut
342 604 400 686 qui
421 603 578 686 loquatur
602 612 755 671 theatrum
777 627 894 670 versus
911 610 1052 688 spectet.
1097 612 1230 670 Errusse
1245 624 1315 668 cre·

194 715 243 780 dit
275 714 363 778 hunc
391 715 643 794 grammaticum
666 713 946 795 Schoenbernius3
973 734 1032 796 ego
1056 721 1215 780 coutras
1244 721 1315 778 tur·

194 825 352 909 pissimae
375 822 599 905 neglegentiae
622 825 756 890 crimine
778 825 827 890 ita
849 825 989 889 liberare
1010 824 1121 890 malim
1145 831 1312 904 Pollucem,

196 941 233 998 ut
248 934 356 998 altero
373 934 444 1000 loco
469 939 529 999 aut
549 935 657 1019 ipsius
681 942 741 1000 aut
762 935 890 999 librarii
913 934 1074 999 calamum
1091 934 1222 1017 lapsum
1238 955 1312 1000 esse

197 1050 229 1109 et
258 1065 318 1128 pro
351 1042 492 1127 ἀριστερά
517 1045 691 1129 scripsisse
715 1043 796 1115 δεξιά
830 1045 1028 1130 coniciaml)
1053 1084 1091 1093 —
1116 1044 1179 1108 Sed
1209 1031 1314 1110 alter'o

194 1153 249 1218 illo
284 1153 356 1218 loco
390 1154 424 1217 id
455 1176 587 1239 quoque
619 1156 766 1239 quemvis
797 1153 945 1221 offendat
973 1176 1108 1220 necesse
1142 1162 1194 1220 est
1225 1155 1315 1238 quod

194 1261 341 1345 »ἀγρόθεν
369 1264 389 1346 ἦ
421 1267 455 1328 ἐκ
486 1265 605 1347 λιμένος
627 1267 647 1350 ἢ
671 1268 705 1329 ἐκ
729 1268 865 1335 πόλεως”
893 1265 941 1329 ita
968 1265 1214 1347 conjunguntur
1242 1272 1316 1330 tan·

194 1394 293 1456 quam
308 1395 374 1439 non
397 1375 519 1441 aeriter
541 1376 665 1442 interae
688 1384 846 1458 oppositae
868 1381 982 1440 essent
997 1373 1088 1439 urbis
1113 1375 1250 1457 agrique
1264 1396 1316 1439 re·

192 1484 320 1564 gionesl
343 1484 377 1547 id
395 1485 485 1569 quod
502 1506 576 1550 cum
592 1508 650 1569 per
675 1508 709 1552 se
733 1490 867 1551 constat
887 1491 958 1550 tum
980 1484 1066 1548 idem
1089 1483 1142 1548 ille
1158 1483 1202 1547 ad
1218 1505 1314 1566 quem

196 1595 293 1662 modo
324 1595 503 1678 provocavi
531 1596 619 1662 vitae
650 1596 750 1660 Arist.
775 1595 868 1660 locus
900 1594 1117 1660 demonstrat
1138 1593 1316 1658 Praeterea

194 1706 281 1778 πεζοί
303 1705 384 1770 illud
401 1707 481 1790 quid
499 1707 561 1771 sibi
585 1705 663 1797 velit
686 1705 818 1771 difficile
841 1710 892 1770 est
913 1704 1092 1769 intellectu.
1115 1701 1248 1786 ἀγρόθεν
1261 1703 1316 1768 de-

195 1816 294 1898 nique
329 1837 369 1881 eo
402 1837 468 1898 quo
503 1816 625 1897 legitur
655 1817 727 1881 loco
757 1815 893 1881 tolerari
920 1835 986 1879 non
1018 1834 1118 1896 posse
1152 1813 1314 1879 intellexit

196 1931 445 1993 Setoeoborotus
472 1948 503 2009 p.
535 1932 590 2006 743
620 1925 677 1991 sed
701 1925 789 2008 quod
813 1926 884 2008 ipse
916 1924 1127 1990 scribendum
1156 1924 1313 2007 conjecit:

195 2037 355 2122 ἀγορῆθεν,
386 2037 420 2100 id
458 2058 557 2120 quam
590 2037 711 2102 falsum
748 2037 791 2100 sit
821 2035 897 2102 nolo
929 2033 1041 2100 multis
1077 2033 1315 2100 demonstrare.

196 2147 330 2229 Frigida
361 2153 439 2213 sunt
469 2169 554 2231 quae
576 2147 662 2211 idem
686 2147 725 2212 de
749 2146 839 2213 vocis
863 2145 949 2216 πεζοί
973 2143 1212 2226 significatione
1240 2167 1315 2228 pro-

195 2259 287 2339 tulit3
311 2280 395 2342 quae
411 2281 474 2324 vex
489 2259 517 2322 si
541 2278 622 2324 sana
645 2263 705 2338 est,
729 2257 762 2320 id
779 2279 880 2322 unum
903 2262 1015 2341 potest
1029 2254 1211 2336 siguificare
1227 2256 1317 2339 quod

196 2388 270 2432 cum
306 2369 507 2434 Buttmanno
538 2368 575 2434 G.
609 2370 818 2433 Hermannus
851 2364 1029 2443 intellexit,
1062 2365 1217 2430 nimirum
1250 2388 1316 2431 uon

191 2485 321 2544 novitus
357 2478 414 2544 sed
449 2491 537 2544 terro
574 2478 797 2544 advenientes.
845 2475 930 2542 Nolo
960 2497 1047 2540 nunc
1077 2497 1183 2559 neque
1208 2477 1316 2542 audeo

196 2587 282 2652 hanc
310 2588 401 2654 litem
426 2587 591 2670 dirimere3
622 2587 679 2653 sed
708 2589 817 2654 omnia
841 2608 890 2651 me
909 2584 1020 2668 judice
1050 2607 1131 2651 sana
1163 2593 1260 2652 erunt
1289 2587 1317 2653 si

195 2699 244 2762 ita
267 2699 504 2763 restituantur:
531 2703 591 2761 τῶν
619 2698 721 2780 μέντοι
743 2695 924 2782 παρόδωνὴ
948 2694 1002 2780 μὲν
1027 2696 1216 2780 ἀριστερὰ
1237 2697 1257 2778 ἢ
1282 2698 1316 2760 ἐκ

197 2807 317 2890 λιμένος
339 2808 358 2890 ἢ
384 2809 418 2871 ἐκ
441 2810 560 2879 πόλεως
584 2805 659 2892 ἄγει·
682 2807 710 2871 οἱ
734 2809 766 2872 δὲ
792 2805 960 2891 ἀγρόθεν
982 2809 1001 2890 ἢ
1028 2804 1208 2892 ἀλλαχόθεν
1231 2803 1317 2878 πεζοὶ

200 2911 394 3001 ἀφικνθμενοι
429 2921 506 2982 κατὰ
542 2918 596 3003 τὴν
624 2918 730 3002 ἑτέραν
757 2914 920 3001 εἷσίασιν.1)
969 2918 1031 2981 Per
1059 2916 1186 2982 laevam
1216 2917 1319 2998 igitur

202 3097 359 3151 musrhen.
379 3114 404 3149 n.
423 3096 462 3149 VI
482 3099 539 3161 115,
560 3099 591 3148 16
610 3113 651 3164 sq.
666 3100 705 3162 (π
721 3094 868 3149 Ritschelii
887 3111 979 3164 opusc.
998 3095 1100 3166 1204),
1120 3095 1168 3164 qui
1185 3093 1318 3163 Dionysio

201 3181 451 3248 (HaIIcarnassensi
467 3181 593 3252 juniori),
613 3178 719 3234 Crateti
743 3179 908 3250 (Mallctae),
932 3179 1076 3247 Euclidae,
1101 3181 1181 3236 bonis
1205 3179 1319 3250 priscis-

200 3281 253 3335 que
281 3267 455 3340 anctoribus‚
480 3284 530 3322 sua
547 3283 575 3321 se
594 3264 694 3320 debere
712 3268 842 3320 testatur.
877 3265 941 3336 Ipse
959 3266 1005 3320 Tu.
1018 3267 1083 3336 quin
1094 3283 1173 3321 coum
1188 3267 1321 3320 Euclidem

196 3351 362 3422 inspexerit,
387 3354 549 3423 comparato
574 3351 651 3404 illius
675 3350 709 3404 de
726 3350 837 3419 tragica
865 3352 943 3420 poesi
968 3352 1167 3408 commentario
1186 3351 1320 3422 (Cramer.

202 3453 245 3490 an.
265 3435 314 3492 Ox.
332 3436 388 3505 III)
406 3436 503 3504 nequit
522 3435 655 3492 dubitari.

269 3522 294 3589 1)
312 3521 354 3574 Ab
374 3523 487 3575 externa
505 3521 596 3590 specie
616 3520 702 3576 multo
721 3519 810 3588 magia
829 3517 950 3573 arridere
975 3521 1116 3573 Weeelerz'
1132 3521 1320 3590 conjecturam

202 3604 335 3669 concedo,
358 3605 387 3658 In
411 3603 522 3662 Erechii
546 3604 718 3672 GruberIque
742 3603 883 3671 enoyelop.
909 3611 976 3656 sect.
994 3603 1008 3654 I
1025 3605 1099 3670 part.
1122 3604 1267 3658 LXXXIII
1292 3622 1320 3674 p.

203 3691 262 3746 226.
282 3707 310 3745 n.
331 3693 377 3744 125
402 3690 588 3762 propositam:
619 3688 722 3763 ἡρετὰ
740 3686 813 3749 δεξιά
832 3693 938 3755 (nempe
963 3685 1057 3756 ἄγνσα,
1080 3687 1099 3741 i.
1118 3705 1140 3743 e.
1173 3687 1320 3760 ἀριστερά).

202 3774 256 3829 Sed
282 3790 370 3843 neque
393 3775 442 3829 illc
470 3777 518 3846 μέν
549 3775 632 3830 facile
656 3789 796 3836 caremus,
819 3788 908 3840 neque
936 3771 983 3840 qni
1007 3787 1127 3840 unquam
1153 3771 1223 3840 μετὰ
1248 3770 1322 3832 δεξιά

201 3876 250 3928 pro
274 3859 318 3912 ἐπὶ
342 3859 424 3922 δεξιά,
446 3862 492 3915 vel
510 3860 548 3918 εἰς
568 3859 641 3921 δεξιά
651 3857 759 3922 dixerIt,
778 3856 1027 3925 noviquemquam‚
1046 3872 1134 3926 neque
1151 3857 1242 3911 lenem
1261 3872 1321 3910 esse

200 3944 288 3999 illius:
308 3945 410 4017 ἄγουσα
429 3946 539 4016 ellipsIn
557 3947 635 4015 puto.
655 3944 797 4012 ,Denique
817 3941 1011 4011 gravissimum
1029 3942 1081 3994 hoe
1100 3945 1150 4006 est,
1170 3941 1244 4010 quod
1261 3940 1321 4011 ipse

201 4029 243 4083 vir
261 4029 440 4084 doctissimus
457 4029 560 4082 nullam
580 4029 690 4082 omuino
709 4029 846 4082 rationem
864 4026 1009 4091 indicavit,
1035 4043 1084 4080 cur
1105 4029 1164 4080 tam
1182 4025 1322 4094 scruposie

202 4114 367 4186 ambagibus
385 4112 527 4168 Pollucem
546 4113 590 4167 uti
607 4113 738 4167 maluisse
753 4113 856 4175 credat,
876 4126 957 4179 quam
973 4111 1053 4176 plene
1066 4113 1095 4164 et
1108 4113 1204 4179 aperte
1215 4110 1321 4164 dicere:

204 4201 221 4270 ἡ
240 4199 287 4267 μὲν
306 4199 441 4271 ἀριστερόν.

271 4287 297 4349 2)
317 4283 403 4348 Quam
420 4283 549 4352 frequens
567 4281 603 4335 eit
621 4281 741 4335 Pollucis
759 4279 936 4340 librariorum
959 4279 988 4332 in
1016 4278 1130 4332 uocibus
1152 4278 1322 4333 collocandis

201 4385 283 4433 error,
300 4369 325 4423 is
342 4367 427 4441 prebe
445 4367 517 4425 celet
534 4366 582 4442 qui
599 4364 873 4424 Hemsterhusianam
891 4363 1041 4422 editionem
1071 4381 1132 4418 cum
1149 4363 1322 4422 Bekkeriaua
