3344 5126
890 417 929 477 62

354 602 486 681 portam
515 597 543 663 ei
566 597 837 679 ingrediebantur
860 597 894 662 in
917 597 1121 665 orchestram
1146 599 1203 683 qui
1227 605 1287 664 aut
1309 620 1348 664 ex
1376 602 1476 681 portu

355 713 415 772 aut
442 726 482 772 ex
507 695 590 773 urbe
613 708 795 788 veniebant,
825 729 885 793 per
908 709 1057 775 dextram
1080 709 1137 791 qui
1160 714 1220 773 aut
1242 728 1281 773 ex
1309 729 1391 791 agro
1419 707 1478 772 ad-

355 817 531 882 veniebant
543 824 603 884 aut
615 839 751 901 peregre
775 817 906 902 quidem
931 817 989 883 scd
1012 818 1101 902 (non,
1116 824 1155 882 ut
1170 818 1200 883 ei
1216 818 1275 903 qui
1299 819 1334 882 ἐκ
1357 819 1477 902 λιμένος

354 925 537 1008 veniebant,
561 926 701 994 navibus
726 926 798 1013 sed)
823 928 883 992 tali
906 949 945 995 ex
960 928 1093 1011 regione
1116 927 1203 993 unde
1226 928 1314 994 sicco
1337 928 1421 1012 pede
1443 931 1478 993 in

353 1033 443 1102 illam
459 1059 525 1122 qua
540 1036 654 1102 fabula
676 1037 838 1121 agebatur
853 1045 977 1105 terram
992 1038 1157 1122 perveniri
1178 1045 1321 1122 poterat.
1347 1035 1478 1123 ἀγρόθεν

353 1147 455 1228 igitur
486 1147 569 1212 illud
599 1149 788 1233 oppositum
819 1154 872 1213 est
892 1148 940 1212 illi
962 1150 997 1211 ἐκ
1020 1145 1149 1229 πόλεως’,
1181 1145 1361 1234 ἀλλαχόθεν
1390 1145 1478 1221 πεζοὶ

357 1251 553 1344 ἀφικνθμενοι
574 1257 640 1322 illis
663 1260 810 1343 oppositi
833 1265 912 1326 sunt
934 1259 991 1342 qni
1013 1260 1047 1322 ἐκ
1071 1257 1191 1342 λιμένος
1217 1255 1401 1342 ἀφικνθνται.

431 1371 449 1453 ξ
462 1372 536 1434 127:
553 1373 606 1451 τῆς
622 1366 655 1432 δὲ
668 1368 817 1452 κλίμακος
834 1366 862 1432 οἱ
876 1365 991 1456 βαθμοὶ
1002 1372 1209 1452 κλιμακτῆρας
1223 1371 1370 1433 καλθνται
1383 1369 1478 1436 Phot.

354 1483 567 1564 κλιμακτῆρας,
583 1472 613 1550 te
626 1477 698 1544 ἔνιοι
711 1477 837 1565 βαθμθς
851 1481 954 1563 λέγαοι
965 1483 1022 1542 τῶν
1032 1478 1200 1562 κλιμάκων.
1225 1479 1398 1544 01.Ρο11.Χ
1409 1485 1476 1544 171.

441 1591 459 1675 ξ
495 1595 567 1656 129;
601 1590 655 1674 τὴν
682 1591 858 1675 θ’ἐξώστμαν
881 1589 989 1654 ταύτὸν
1013 1595 1057 1677 τῷ
1081 1592 1291 1676 ἐκκνκλήματι
1321 1589 1479 1673 νομίζωσιν.
1522 1614 1538 1654 ·.

354 1702 511 1768 Eiusdem
528 1701 691 1786 opinionis
714 1701 909 1784 Diogeniani
932 1723 1065 1784 quoque
1089 1709 1258 1769 auctorem
1274 1703 1380 1767 fuisse
1397 1701 1477 1764 haec

356 1811 453 1878 docet
474 1811 628 1895 Hesychii
650 1810 777 1895 glossat
799 1811 940 1895 ἐξώατμα
964 1809 1014 1876 ἐπὶ
1036 1817 1089 1897 τῆς
1112 1817 1224 1897 σκηνῆς
1239 1811 1273 1876 τὸ
1289 1812 1479 1895 ἐκκθκλημα.

441 1923 532 2000 Quae
560 1922 600 1987 de
628 1922 844 2005 eocyclemate
875 1921 956 1986 dicit
976 1923 1093 1989 Pollux
1121 1926 1139 2010 ᾖ
1169 1929 1237 2004 128,
1267 1943 1373 2006 neque
1402 1941 1477 1988 con·

356 2035 505 2098 sentiunt
533 2032 694 2113 insignem
716 2033 750 2096 in
771 2028 904 2097 modum
928 2053 1034 2116 neque
1057 2055 1134 2100 vere
1164 2033 1340 2100 discedunt
1359 2032 1402 2097 ab
1430 2031 1476 2096 eis

355 2163 441 2226 quae
472 2143 573 2207 ceteri
603 2142 723 2208 docent
744 2141 935 2224 gramatici:
958 2166 985 2208 v.
1011 2149 1183 2209 Schneider
1204 2166 1235 2228 p.
1257 2143 1338 2226 93.¹)

441 2251 554 2337 Σκοπή,
564 2252 679 2337 τεῖχος,
694 2251 814 2336 πύργος,
829 2253 1024 2338 φροκτώμιον,
1038 2254 1182 2338 dicterio,
1197 2248 1477 2338 καμαονοσκοπεῖον,

356 2362 544 2447 θεολοχεῖον,
567 2364 799 2450 καταβλήματα,
819 2341 1005 2446 ἡμικθκλιον,
1029 2365 1176 2447 χαμώνιοι
1199 2367 1376 2449 (χαμώνειοι
1399 2363 1478 2428 scri·

354 2475 498 2540 bendum
522 2481 634 2540 censet
650 2473 863 2555 Boettigerus
890 2473 931 2536 kl.
949 2473 1038 2538 Schr.
1054 2475 1070 2538 Ι
1086 2477 1169 2561 260.)
1192 2475 1352 2560 κλίμακες,
1375 2475 1479 2540 multa

356 2585 422 2649 alia
444 2584 486 2649 ab
509 2584 582 2649 aliis
606 2583 830 2665 grammaticis
853 2605 919 2648 non
943 2591 1250 2652 commemorantur.

440 2696 488 2760 De
509 2710 629 2776 panno
646 2715 731 2777 quae
751 2693 850 2760 habet
871 2694 988 2760 Pollux
1010 2695 1028 2779 ξ
1053 2700 1113 2760 130
1135 2718 1204 2771 non
1223 2701 1374 2781 Pugnant
1388 2701 1476 2759 certe

356 2826 429 2872 cum
460 2805 599 2873 confusa
622 2826 722 2888 quam
745 2805 897 2888 quintum
918 2804 1060 2869 Belkeri
1081 2805 1210 2873 lexicon
1232 2830 1264 2891 p.
1287 2811 1360 2890 232,
1384 2812 1402 2872 5
1426 2825 1474 2887 sq.

356 2922 390 2982 et
411 2917 518 3001 Etym.
540 2917 582 2982 M.
605 2922 677 3000 228,
699 2920 718 2980 2
740 2915 915 2999 proferunt
937 2915 1097 2980 doctrina.

441 3025 555 3112 αἰώρας
577 3027 694 3093 Pollux
716 3027 733 3110 ᾗ
758 3027 815 3089 131
841 3025 922 3090 dicit
944 3047 1017 3090 esse
1040 3023 1092 3096 τθς
1115 3024 1217 3112 κάλως
1247 3024 1278 3089 οἳ
1307 3027 1475 3111 κατήρτην-

355 3160 405 3216 ται
427 3139 457 3209 ἐξ
479 3137 552 3224 ὕψος
568 3138 688 3224 ἀνέχειν
696 3137 723 3226 ²)
740 3135 792 3210 τθς
816 3133 866 3201 ἐπὶ
886 3139 926 3198 τῖς
941 3134 1030 3220 ἀέρος
1045 3137 1195 3222 φέρεσθαι
1211 3140 1372 3207 δοκοῦντας
1393 3137 1475 3220 ἥρως

356 3341 513 3396 accuratius
531 3341 747 3409 comparaverit:
767 3341 824 3408 qua'
839 3339 1044 3410 comparatione
1063 3343 1143 3407 grato
1162 3339 1245 3394 simul
1263 3339 1356 3394 animo
1369 3342 1474 3409 quanta

356 3425 412 3478 sint
431 3425 463 3478 de
480 3425 592 3480 Polluce
611 3425 729 3480 Bekkeri
752 3425 854 3481 merita
878 3424 1046 3496 cognoverit.
1082 3423 1171 3489 Quam
1195 3425 1352 3478 Wierelerus
1371 3431 1474 3493 (progr.

356 3506 533 3579 Gottingens.
559 3513 633 3566 1866.
656 3527 684 3579 μ.
710 3511 752 3579 11)
771 3511 914 3580 proposuit
932 3511 1127 3580 conjecturam,
1146 3524 1195 3577 pro
1213 3497 1330 3581 ἀγρόθεν
1351 3509 1474 3564 scribens

355 3584 485 3666 ἀγχόθεν,
504 3611 538 3649 ea
556 3611 616 3650 cum
642 3594 705 3649 aliis
724 3594 757 3648 de
781 3595 886 3650 caussis
904 3596 993 3649 minus
1012 3595 1119 3664 placet,
1142 3597 1214 3660 tum,
1238 3593 1263 3648 si
1286 3608 1341 3647 non
1365 3593 1472 3658 falsam,

355 3682 386 3733 at
402 3681 483 3748 plane
501 3680 600 3736 saltem
619 3679 736 3735 otiosam
754 3679 839 3734 infert
856 3681 1010 3743 notionem
1028 3696 1092 3734 nam
1110 3683 1203 3734 utrum
1221 3695 1268 3746 „ex
1286 3682 1397 3732 nicinia“
1421 3677 1471 3733 ad·

355 3764 469 3818 veniant
482 3764 526 3818 vel
537 3764 687 3819 histriones
699 3766 744 3819 vel
756 3765 903 3820 choreutac
913 3765 985 3819 nihil
995 3765 1031 3818 ad
1041 3781 1114 3828 rem3
1131 3763 1165 3818 de
1179 3765 1239 3818 sola
1254 3763 1347 3833 agitur
1357 3768 1473 3830 regione.

424 3850 449 3918 1)
474 3849 530 3904 Sed
552 3850 586 3905 cf.
621 3851 757 3904 Ματθίαν.
781 3850 800 3904 1.
824 3851 843 3906 l.
865 3868 892 3920 p.
912 3855 952 3905 18.
971 3847 1101 3904 (letarum
1120 3847 1155 3901 ad
1173 3864 1254 3916 quem
1272 3847 1319 3902 ille
1338 3851 1473 3918 provocat

357 3932 510 3989 Clementis
533 3934 712 3989 Alexandrini
737 3933 921 3989 Scholiastam
946 3935 1010 4003 (vol.
1033 3933 1072 3986 IV
1098 3949 1125 4001 p.
1145 3936 1177 3986 98
1201 3932 1305 3997 Klotz.)
1334 3932 1359 3986 is
1389 3935 1471 4001 plane

357 4018 455 4088 nequit
486 4018 610 4073 dubitari
641 4020 707 4090 quin
734 4023 847 4089 praeter
878 4019 994 4088 primam
1028 4018 1224 4088 eccyclematis
1259 4016 1473 4086 descriptionem

358 4104 450 4159 omnia
473 4122 506 4158 ex
522 4104 634 4159 Polluce
652 4105 845 4174 stupidissima
869 4102 1059 4170 exscripserit,
1084 4119 1147 4158 cnm
1170 4102 1239 4172 ipsis
1265 4101 1333 4156 adeo
1350 4102 1472 4158 mendis:

357 4190 444 4244 veluti
469 4189 493 4242 tr
515 4179 546 4260 ’ᾖ
571 4205 620 4259 pro
645 4189 726 4242 οἱονεί
751 4207 782 4243 ox
805 4188 898 4242 codice
917 4187 1011 4256 aliquo
1033 4187 1153 4242 Parisini
1169 4188 1194 4240 A
1212 4186 1354 4242 simillimo
1379 4203 1472 4247 secure

356 4273 555 4342 transscripsit.
708 4261 710 4266 ¹

426 4361 452 4426 2)
472 4357 561 4414 Scrib.
578 4364 627 4415 aut
644 4363 692 4416 τοῦ
712 4358 818 4435 ἀνέχειν
836 4360 891 4439 aut,
910 4357 982 4434 quod
1000 4357 1102 4424 malim,
1121 4357 1274 4432 ἀνέχοντες.
