3344 5126
863 347 882 406 8

402 523 652 592 Choeroboscus
668 527 711 592 ad
725 527 887 593 Theodos.
909 528 930 592 f.
947 533 997 592 66.
1013 527 1103 612 apud
1117 527 1302 594 Beklrerum
1318 549 1369 594 an.
1385 527 1433 592 lIl

320 631 399 699 1432
429 635 482 720 [--
498 636 674 701 Herodian.
699 636 809 702 καθολ.
838 640 970 722 προσῳδ.
996 638 1016 702 l.
1037 639 1070 702 lI
1098 661 1128 721 p.
1157 645 1209 717 44,
1241 644 1281 703 28
1311 638 1434 722 Lenta]

317 742 423 829 ψάλυξ,
445 743 679 830 ψάλνγσς·τινὲς
703 746 757 829 μὲν
778 745 831 817 τὰς
854 747 955 832 ψύχας
977 747 1039 832 (ita
1062 746 1221 812 Schmidt.
1244 747 1318 812 Did.
1341 772 1369 832 p.
1384 753 1434 814 sl.

317 850 424 938 τρίχας
441 856 506 941 cd.)
530 854 669 924 ἐδέξαντο
692 852 849 940 σημαίνειν
872 863 926 940 τῆν
949 856 1035 939 λέξιν,
1059 851 1192 940 Δίδυμος
1215 859 1248 919 δὲ
1263 879 1354 941 φησιν
1368 855 1434 926 τοὺς

318 961 459 1034 ἀσθενεῖς
488 964 654 1049 σπινθῆρας
682 967 791 1048 δηλοῦν
824 947 878 1050 τῆν
908 969 995 1039 λέξιν.
1043 969 1135 1033 Idem
1157 973 1257 1050 atque
1279 966 1436 1052 Didymus

315 1074 432 1138 Pollux
453 1073 557 1138 tradit
579 1075 641 1138 Vll
667 1082 734 1140 110.
1011 1087 1013 1090 ’
1196 1093 1199 1098 ’

402 1183 450 1247 De
472 1184 595 1249 Minthe
618 1207 703 1268 quae
725 1185 828 1250 refert
849 1185 963 1250 Pollux
985 1186 1089 1258 VL68
1111 1187 1208 1271 plane
1231 1187 1439 1251 consentiunt

318 1314 393 1358 cum
416 1293 464 1358 eis
488 1315 573 1376 quae
596 1316 635 1358 ea
657 1295 696 1359 de
719 1316 754 1359 re
776 1296 925 1360 narravit
946 1298 980 1361 in
1001 1297 1109 1362 lexico·
1129 1297 1254 1361 comico
1270 1295 1438 1379 Didymus

320 1409 450 1468 servata
481 1402 515 1467 in
538 1403 674 1468 scholiis
697 1404 947 1490 Aristophaneis
970 1405 1212 1489 Hesychioque'
1228 1411 1261 1470 et
1289 1404 1457 1488 inprimis.

320 1512 456 1578 Photio:
479 1535 506 1578 v.
530 1519 677 1578 Schmidt.
701 1538 732 1598 p.
757 1519 805 1580 72.
850 1522 961 1582 Nater.
986 1516 1080 1581 Phot.
1102 1517 1118 1580 Ι
1139 1539 1169 1600 p.
1195 1521 1266 1581 425.

405 1621 553 1706 Apparet
580 1622 690 1704 igitur,
718 1625 865 1706 aliquam
894 1633 982 1690 certe
1008 1626 1094 1690 inter
1115 1625 1291 1711 Didymum
1313 1631 1347 1690 et
1369 1624 1442 1689 Pol·

322 1733 429 1798 lucem
458 1731 661 1797 intercedere
690 1733 976 1800 necessitudinem.
1022 1733 1128 1817 Atque
1158 1741 1281 1800 Nocere
1311 1735 1443 1818 quidem

321 1849 416 1908 tanta
443 1841 515 1906 visa
543 1848 594 1905 est
614 1841 793 1927 Didymeae
823 1844 992 1909 doctrinae
1023 1851 1055 1909 et
1076 1844 1298 1929 Polydeuceae
1330 1843 1445 1908 simili·

322 1953 416 2034 tudo,
455 1958 493 2015 ut
530 1957 694 2025 Pollucem,
732 1951 813 2016 item
847 1958 945 2035 atque
980 1953 1178 2019 scholiastae
1212 1953 1444 2038 Aristophanis

325 2059 562 2146 Sophoclisque
591 2067 737 2140 „potiora
761 2083 819 2124 sua
842 2068 972 2142 Didymo
1000 2069 1129 2128 debere”
1159 2063 1336 2129 contendat
1363 2061 1445 2147 prol,

323 2173 416 2236 Phot
437 2192 469 2252 p.
493 2176 543 2236 79.
586 2171 635 2235 De
658 2170 847 2236 scholiastis
870 2171 936 2235 illis
959 2174 1032 2255 quis
1060 2179 1135 2254 post
1157 2171 1332 2238 Schmidtii
1354 2171 1448 2236 labo-

325 2283 449 2346 riosam
477 2300 610 2363 operam
644 2280 872 2346 contradicet?
921 2287 1081 2348 Pollucem
1106 2289 1218 2347 autem
1249 2291 1298 2347 vel
1327 2292 1444 2345 tuntum

325 2413 366 2454 ex
387 2395 515 2470 Didymo
535 2397 675 2454 hausisse
695 2411 774 2469 nepo
797 2401 890 2470 atquc
907 2413 1059 2472 peraeae.

409 2500 554 2564 Primum
576 2499 661 2563 enirn
690 2500 802 2581 multa,
828 2501 871 2564 'de
900 2501 1020 2582 quibus
1048 2503 1082 2566 in
1103 2501 1234 2589 Didymi
1262 2501 1368 2566 lexico
1391 2520 1445 2565 co-

325 2610 412 2674 mico
444 2610 650 2693 disputatum
679 2630 750 2673 esse
774 2614 865 2673 certo
896 2610 1027 2692 scimus,
1053 2612 1179 2677 frustra
1201 2611 1390 2694 quaerimus
1411 2609 1446 2674 in

326 2720 476 2800 Polluce;
507 2720 604 2803 plura
633 2719 733 2784 etiam
762 2739 847 2801 quae
869 2719 996 2800 tragico
1022 2720 1127 2785 lexico
1155 2721 1293 2784 infuisse
1316 2725 1447 2784 constat

326 2830 414 2913 apud
437 2834 586 2894 nostrum
609 2829 848 2894 desiderantur.
891 2828 958 2893 Nec
986 2829 1115 2911 mirum,
1142 2830 1281 2913 inquies.
1324 2829 1446 2893 Audio:

328 2939 386 3004 sed
409 2960 468 3003 cur
482 2937 649 3008 Pollucem
671 2937 771 3002 talem
792 2937 1004 3022 potissimum
1030 2939 1094 3004 sibi
1117 2938 1279 3022 delegisse
1294 2947 1446 3024 putemus

325 3050 457 3130 librum,
485 3049 520 3112 in
544 3068 607 3131 quo
634 3046 777 3131 plurima
804 3047 914 3142 inesse
936 3049 1036 3113 sciret
1058 3070 1078 3114 a
1100 3070 1160 3114 suo
1190 3049 1328 3115 consilio
1349 3049 1446 3133 plane

329 3159 459 3223 aliena?

412 3268 537 3332 Deinde
559 3288 636 3332 vero
658 3267 792 3349 gravius
815 3266 914 3332 etiam
937 3274 996 3349 est,
1026 3267 1114 3350 quod
1137 3289 1175 3333 ex
1197 3266 1273 3346 illis,
1300 3287 1385 3349 quae
1408 3267 1448 3333 de

332 3378 493 3444 scaenicis
516 3376 615 3441 rebus
639 3382 697 3462 aut
719 3383 873 3442 accurate
896 3375 1053 3461 explicuit
1081 3383 1139 3442 aut
1166 3377 1335 3443 nominare
1366 3377 1448 3441 satis
1544 3365 1546 3368 ⁵

329 3487 448 3554 habuit
468 3485 592 3567 Pollux,
613 3485 756 3570 plurima
778 3486 917 3552 adeone
933 3494 1230 3554 commemorantur
1245 3487 1376 3569 quidem
1392 3494 1450 3553 aut

331 3598 419 3683 apud
443 3601 572 3662 ceteros
594 3594 846 3680 lexicographos
869 3604 928 3661 aut
950 3599 1039 3682 apud
1061 3597 1269 3682 Hesychium,
1299 3598 1333 3661 in
1355 3599 1449 3663 cuius

330 3708 459 3774 lexicon
482 3707 689 3789 quantumvis
713 3706 921 3772 decurtatum
942 3712 977 3771 at
991 3708 1178 3772 universum
1193 3711 1304 3770 tamen
1319 3707 1450 3792 Didymi

332 3839 415 3903 opus
437 3821 605 3899 receptum
629 3837 700 3880 esse
724 3821 869 3895 constat;
896 3817 944 3880 ita
966 3822 1004 3881 ut
1027 3824 1138 3880 lemma
1161 3822 1250 3880 certe
1269 3816 1373 3880 ullum
1394 3816 1451 3879 Di·

333 3931 484 4015 dymeum
506 3923 594 4009 apud
614 3924 816 4009 Hesychium
839 3925 997 3990 omissum
1019 3945 1091 3990 esse
1113 3925 1181 3990 veri
1205 3925 1249 3990 sit
1270 3925 1452 3991 dissimilli-

333 4059 432 4118 mum,
452 4035 574 4100 nedum
596 4042 663 4098 tam
686 4033 799 4099 multa.

417 4146 529 4211 Talem
551 4143 653 4226 igitur
682 4142 747 4207 sibi
776 4142 893 4207 ducem
916 4145 1161 4228 praeoptavisse
1183 4144 1359 4224 Pollucem,
1386 4143 1452 4226 qui,

335 4278 400 4339 quo
422 4257 492 4340 ipse
515 4255 648 4320 nolebat
669 4253 847 4338 pervenire,
878 4274 976 4338 saepe
1006 4255 1256 4338 exspatiaretur,
1284 4275 1349 4336 quo
1375 4274 1452 4320 vero
1527 4327 1534 4344 ἱ
