3344 5126
910 413 927 471 2

355 591 511 657 momenti
540 591 590 655 rel
620 592 737 655 summi
765 593 841 657 inde
864 594 906 657 ab
929 593 1123 658 instauratis
1144 595 1330 662 litterarum
1354 596 1472 661 studiis

354 701 555 787 philologiae
579 699 750 785 ἀρχηγέται
770 723 888 786 parum
917 702 1070 767 videntur
1091 705 1307 788 perspexisse.
1350 704 1472 771 Nostro
1537 790 1540 794 ἵ

354 811 484 876 demum
514 810 646 875 saeculo
675 810 878 876 intellectum
907 818 967 892 est,
1001 820 1159 894 quantum
1187 816 1305 897 valeat,
1340 815 1472 880 illorum

353 922 410 1004 qui
444 926 575 1003 tempus
611 919 758 983 tulerunt
792 921 1156 1000 grammaticastrorum
1185 923 1387 1002 antiquiores
1415 925 1472 989 in·
1510 977 1512 981 .

353 1032 476 1112 dagare
498 1029 616 1108 fontes,
646 1034 682 1092 ut
710 1028 843 1092 tandem
865 1029 1043 1112 aliquando
1075 1030 1228 1095 distincte
1254 1041 1473 1115 cognoscatur

352 1126 444 1223 quid
455 1139 581 1202 distent
602 1157 681 1202 aera
702 1135 836 1218 lupinis.
881 1139 951 1215 Quo
967 1139 1000 1201 in
1017 1139 1201 1206 studiorum
1216 1163 1333 1222 genere
1348 1144 1472 1210 fructu·

351 1249 505 1316 osissimo
529 1268 603 1312 cum
624 1248 711 1311 riam
733 1247 909 1310 muniverit
924 1248 1054 1312 Lehrsii
1078 1249 1211 1314 doctum
1232 1272 1378 1334 acumen,
1401 1275 1472 1318 cer·

350 1359 448 1424 tatim
462 1342 745 1441 praestantissimi
761 1356 882 1438 quique
898 1357 1111 1439 antiquarum
1125 1358 1311 1426 litterarum
1327 1364 1470 1427 cultores

351 1469 385 1533 in
395 1469 458 1533 hoc
470 1488 586 1550 campo
606 1467 823 1545 desudarunt3
840 1466 926 1530 inter
938 1487 1020 1548 quos
1039 1468 1265 1535 Ritscheliumr
1277 1471 1471 1554 Nauckium,

350 1579 542 1645 Mauritium
564 1576 791 1656 Schmidtium,
812 1575 980 1640 Naberum
1001 1579 1171 1644 nominare
1195 1580 1349 1647 sufficiat.
1385 1583 1470 1646 Tan-

349 1694 420 1753 tum
443 1694 554 1752 tamen
576 1686 681 1760 abest,
701 1689 739 1748 ut
761 1684 1023 1768 spatiosissimus
1045 1687 1100 1752 hic
1123 1709 1222 1773 gyrus
1238 1695 1394 1773 peractus
1418 1690 1470 1773 sit,

349 1798 460 1864 utrix
482 1804 635 1879 quartam
654 1799 784 1877 partem
806 1793 915 1858 adhuc
937 1815 1104 1861 emensam
1125 1799 1235 1882 possis
1259 1799 1378 1864 dicere.
1403 1801 1469 1866 Nec

349 1907 485 1972 mirum:
508 1927 583 1970 nam
596 1906 791 1988 priusquam
806 1909 958 1968 Athenaei
977 1904 1084 1970 fontes
1107 1909 1314 1974 accuratiore
1336 1909 1469 1974 investi·

350 2017 480 2099 gatione
496 2013 658 2097 explorati
674 2014 748 2094 sint,
769 2012 919 2097 plurimis
935 2012 1134 2097 inpartibus
1149 2022 1221 2081 tuto
1236 2018 1353 2103 pedem
1368 2017 1468 2101 figere

349 2148 412 2192 non
435 2145 621 2208 possumus.

349 2281 353 2287 -
434 2236 550 2317 Itaque
578 2256 652 2298 cum
682 2237 808 2297 restent
841 2231 875 2296 in
906 2232 970 2298 hoc
999 2253 1080 2315 agro
1109 2235 1200 2322 haud
1227 2236 1326 2321 pauci
1355 2236 1467 2318 anguli

349 2346 469 2410 cultori
491 2344 657 2427 quondam
678 2343 819 2408 extituro
838 2342 1057 2408 laetissimum
1071 2346 1300 2427 promittentes
1314 2346 1467 2426 fructum,

347 2475 413 2520 non
435 2462 485 2519 est
508 2475 567 2518 cur
588 2454 727 2532 mireris,
748 2460 877 2535 partem
899 2453 1064 2535 quandam
1087 2459 1120 2518 et
1142 2455 1232 2519 cultu
1248 2455 1466 2520 difficiliorem

349 2573 390 2647 et,
419 2567 484 2630 nisi
507 2565 636 2648 egregie
657 2563 763 2643 fallor,
792 2583 933 2626 messem
960 2583 1077 2643 parum
1098 2565 1233 2630 uberem
1254 2567 1466 2650 prolaturam,

347 2697 485 2741 vacuam
503 2677 616 2759 jacere
646 2679 679 2737 et
699 2674 854 2738 otiosam:
881 2678 960 2737 Julir'
981 2678 1117 2737 Pollucis
1139 2673 1213 2738 dico
1236 2683 1466 2740 onomasticum.

348 2786 454 2850 Huius
477 2785 562 2849 enim
592 2783 670 2849 libri
697 2803 887 2866 quanquam
916 2782 973 2864 qui
1002 2781 1046 2845 sit
1076 2781 1119 2846 ad
1140 2783 1300 2865 plurimas
1323 2785 1466 2867 antiqui·

346 2901 452 2960 tatum
473 2901 586 2978 partes
609 2894 797 2959 accuratius
819 2889 1061 2976 pernoscendae
1092 2910 1172 2954 usus
1200 2897 1233 2956 et
1260 2895 1466 2976 praestantia

343 3026 438 3070 nemo
466 3010 518 3068 est
545 3003 624 3086 quin
651 3004 755 3087 probe
788 3001 882 3080 sciat,
912 3006 1024 3063 tamen
1045 3001 1219 3082 quominus
1242 3004 1316 3084 quis
1338 3004 1464 3069 intento

344 3115 454 3179 studio
469 3114 685 3195 perquireret
709 3110 828 3196 quibus
844 3110 978 3174 tandem
994 3111 1186 3176 auctoribus
1203 3111 1372 3203 doctrinae
1388 3112 1463 3177 illas

344 3222 457 3306 copias
482 3242 580 3306 saepe
609 3222 758 3304 egregias
782 3221 917 3284 deberet
946 3205 1096 3304 sophista
1118 3221 1212 3284 cuius
1233 3242 1293 3304 per
1316 3241 1350 3285 ss
1373 3222 1464 3287 nulla

341 3338 451 3416 potest
477 3351 550 3396 esse
572 3331 765 3409 auctoritas,
794 3327 934 3410 obstitit,
962 3329 1089 3413 opinor,
1110 3329 1199 3393 haud
1215 3329 1391 3396 mediocris
1414 3333 1464 3398 rei

343 3440 522 3506 difficultas
545 3441 578 3506 in
602 3459 641 3506 eo
662 3440 871 3524 potissimum
892 3437 1012 3522 posita,
1036 3440 1123 3521 quod
1137 3461 1243 3524 neque
1263 3440 1334 3523 ipse
1349 3442 1464 3506 Pollux

342 3553 429 3618 unde
453 3573 511 3618 sua
532 3551 682 3616 hauserit
704 3550 842 3632 ingenus
857 3548 989 3630 fatetur,
1011 3569 1116 3630 neque
1132 3570 1171 3613 ex
1185 3550 1462 3614 onomasticorum

341 3685 477 3729 numero
505 3663 670 3746 quondam
699 3679 877 3745 permagno
900 3663 1042 3744 'praeter
1071 3658 1180 3740 ipsum
1209 3657 1350 3721 Pollucis
1379 3677 1462 3741 opus

342 3773 444 3839 ullum
467 3773 558 3836 aliud
580 3777 671 3835 extat
693 3791 834 3853 quocum
862 3770 917 3833 ille
939 3767 1046 3848 possit
1068 3766 1265 3845 comparari.
1310 3766 1461 3849 Spondeo

342 3883 444 3947 nihilo
474 3882 598 3960 minus,
631 3880 796 3943 hominem
825 3878 969 3959 aliquem
998 3874 1168 3940 doctrinae
1198 3876 1303 3958 copiis
1330 3877 1461 3959 egregie

342 3995 547 4069 instructum,
569 3988 719 4053 acumine
732 3987 822 4052 haud
837 3985 963 4066 volgari
977 3984 1173 4068 praeditum,
1196 3985 1230 4049 in
1245 3986 1307 4050 hoc
1322 3986 1460 4051 fontium

341 4102 560 4167 eruendorum
601 4096 709 4162 studio
747 4095 804 4159 diu
844 4093 1047 4176 multumque
1080 4102 1246 4159 versatum
1285 4095 1385 4158 etiam
1420 4095 1460 4159 de

342 4211 486 4276 Pollucis
513 4206 658 4273 fontibus
687 4187 856 4289 quaedam
879 4209 967 4269 certe
1001 4203 1084 4268 satis
1120 4204 1269 4287 speciose
1300 4202 1459 4284 indagare

342 4339 449 4404 posse.
494 4317 558 4382 Sed
575 4335 648 4381 cum
663 4316 781 4380 harum
796 4314 896 4379 trium
911 4333 1022 4377 rerum
1037 4313 1070 4376 in
1085 4333 1136 4377 me
1151 4311 1241 4376 nulla
1257 4310 1309 4392 sit,
1331 4311 1460 4386 veniam
