3344 5126
913 399 953 459 28

363 570 499 663 αανδόρυ
529 575 690 663 Εὐφορίων
726 579 796 662 μὲν,
828 581 871 648 ὡς’
892 577 1073 661 προείρηται
1101 578 1231 661 (nempe
1253 577 1287 642 in
1308 578 1394 645 libro
1417 575 1487 664 περὶ

361 687 521 771 Ἰσθμίων,
543 687 580 752 A.
603 710 633 772 p.
653 693 712 754 182
734 689 829 775 ElF.)
867 683 919 751 καὶ
944 684 1183 771 Πρωταγορίδης
1206 687 1238 750 ἐν
1260 687 1396 772 δευτέρῳ
1418 683 1487 772 περὶ

362 797 423 860 τὼν
445 792 495 861 ἐπὶ
512 795 621 882 Δάφνη
637 796 835 883 πανηγύρεων
850 797 1056 881 (μέμνηνται),
1080 793 1265 879 Πυθαγόρας
1288 796 1323 860 δὲ
1346 797 1362 860 ό
1378 820 1487 881 γεγρα-

363 907 422 990 φάς
444 902 513 991 περὶ
534 911 587 990 τῆς
611 906 742 991 ἐρυθρᾶς
765 905 923 991 θαλάσσης
945 903 1013 976 τοὺς
1036 902 1313 988 Τρωγλοδύτας
1336 901 1411 990 φησὶ
1433 929 1487 968 κα-

362 1015 558 1088 τασκευάζειν
572 1015 626 1100 τὴν
640 1015 794 1101 πάνδυραν
808 1016 844 1079 ἐκ
858 1022 911 1099 τῆς
927 1016 959 1079 ἐν
972 1021 1011 1098 τῇ
1026 1011 1170 1100 θαλάσση
1190 1015 1345 1099 φυομένης
1361 1013 1487 1101 δάφνης.

362 1124 485 1190 Verum
505 1132 566 1206 est,
589 1126 797 1192 vehementer
820 1127 1020 1209 discrepant.
1061 1123 1133 1188 Jam
1158 1145 1234 1189 vero
1264 1125 1386 1190 confer.
1409 1126 1484 1191 Ath.

367 1232 440 1298 XIV
463 1238 524 1299 636
546 1234 589 1300 F:
618 1235 667 1300 ibi
688 1240 845 1301 narratur
872 1237 912 1300 de
934 1240 1081 1299 sarabara
1111 1231 1284 1317 διειλέχθαι
1306 1231 1488 1320 Εὐφορίωνα

363 1341 415 1406 τόν
438 1341 580 1406 ἐποποιόν
601 1344 633 1407 ἐν
655 1350 699 1428 τῷ
717 1341 786 1428 περὶ
807 1343 962 1428 Ἰσθμίων,
984 1343 1119 1428 χρῆσθαι
1141 1341 1280 1425 φήσαντα
1304 1341 1386 1427 αὐτῷ
1404 1340 1488 1427 Πάρ-

363 1453 420 1522 θας
449 1447 501 1514 καὶ
530 1450 807 1536 Τρωγλοδύτας
835 1451 1034 1537 τετραχόρδῳ
1060 1451 1149 1515 όντι·
1175 1448 1305 1536 ἱστορεῖν
1328 1452 1363 1516 δὲ
1399 1457 1487 1515 τοῦτο

364 1558 551 1646 Πυθαγόραν
588 1561 620 1624 ἐν
656 1567 700 1646 τῷ
724 1559 793 1647 περὶ
821 1568 874 1646 τῆς
903 1563 1035 1647 ἐρυθρᾶς
1066 1559 1234 1646 θαλάσσης.
1285 1561 1397 1643 Vides¹
1434 1562 1488 1627 hic
1537 1637 1541 1644 ¹

363 1690 501 1754 prorsus
525 1669 613 1737 idem
636 1672 676 1735 de
697 1678 846 1760 seratura
868 1671 1008 1748 narrari,
1031 1678 1064 1736 et
1086 1670 1210 1736 eisdem
1227 1671 1358 1753 quidem
1374 1677 1487 1737 aucto·

362 1777 468 1860 ribus,
488 1800 573 1862 quae
597 1801 698 1867 supra
720 1781 760 1846 de
780 1788 927 1862 pandura
954 1780 1062 1846 relata
1091 1783 1192 1846 erant.
1243 1780 1335 1845 Haec
1361 1801 1420 1864 per
1453 1801 1488 1845 se

364 1889 454 1955 haud
476 1912 612 1973 parvam
633 1891 810 1958 movebunt
832 1892 1068 1977 suspicionem:
1097 1891 1168 1975 jam
1193 1889 1222 1954 si
1252 1911 1327 1956 cum
1355 1889 1488 1955 Polluce

362 2019 402 2064 ea
424 2000 584 2082 conferas,
599 2015 735 2083 magnas
751 2001 876 2067 alicubi
897 2000 1013 2066 turbas
1028 1998 1169 2066 movisse
1183 1999 1387 2064 Athenaeum
1410 2020 1486 2064 con-

363 2108 471 2176 cedes.
513 2111 620 2194 Igitur
641 2117 679 2177 ut
706 2111 846 2178 dirersis
874 2109 1068 2177 auctoribus
1090 2108 1206 2175 Pollux
1235 2116 1269 2174 et
1295 2108 1486 2174 Athenaeus

362 2218 415 2283 usi
436 2238 509 2284 esse
525 2219 797 2303 demonstrentur,
819 2221 883 2287 hoc
898 2226 987 2288 certe
1001 2224 1195 2303 argumento
1217 2218 1267 2283 uti
1282 2241 1348 2285 uon
1362 2219 1486 2284 licebit.

363 2327 428 2394 Sed
448 2333 623 2415 tantopere
646 2350 731 2412 quae
753 2331 788 2396 in
809 2351 848 2395 eo
864 2351 962 2413 quem
977 2327 1168 2412 compilavit
1182 2327 1344 2412 scriptore
1364 2328 1488 2394 invenit

361 2437 550 2504 Athenaeus
574 2439 763 2505 confudisse
784 2438 930 2519 ridetur,
960 2443 998 2503 nt
1026 2459 1066 2504 ea
1088 2457 1173 2520 quae
1195 2436 1297 2502 refert
1326 2458 1432 2520 neque
1453 2438 1488 2502 in

362 2547 546 2630 panduram
569 2569 675 2631 neque
689 2549 724 2614 in
740 2549 934 2615 sambucam
950 2548 1152 2615 conveniant
1190 2552 1377 2612 sambucam
1400 2547 1486 2612 enim

305 2737 307 2742 ,
362 2657 450 2722 idem
478 2679 553 2725 esse
581 2658 835 2725 instrumentum
868 2659 957 2741 quod
984 2665 1083 2723 antea
1111 2663 1253 2736 mercdis
1286 2658 1487 2742 appellatum

364 2767 469 2832 fuerit
479 2767 566 2832 idem
579 2768 623 2833 ad
638 2789 735 2851 quem
745 2768 776 2834 h.
786 2769 807 2834 l.
816 2773 973 2853 provocat
981 2767 1168 2832 Athenaeus
1180 2765 1320 2831 tradidit
1327 2773 1487 2848 Euphorio

361 2875 450 2958 (Ath.
471 2875 546 2944 xlv
570 2882 631 2942 635
646 2878 698 2963 A.)
708 2880 746 2963 ¹):
771 2879 827 2961 qui
847 2878 949 2960 igitur
963 2876 1051 2941 idem
1066 2875 1174 2961 potuit
1188 2896 1336 2957 narrare,
1359 2881 1486 2956 Tropin-

363 2991 507 3066 dptarurn
536 2985 641 3052 fuisse
668 2986 834 3053 inventum
864 2985 1077 3052 sambucam?
1120 2984 1183 3064 Qui
1218 2984 1350 3052 etiamsi
1379 2986 1486 3052 minus

361 3227 427 3264 num
454 3213 497 3267 111
525 3216 567 3268 20.
610 3212 675 3268 Alia
706 3214 841 3284 quaedem
868 3212 902 3269 de
934 3211 1059 3284 pandura
1090 3211 1231 3267 convertit
1262 3213 1427 3280 Buleayerus
1453 3200 1486 3267 de

361 3295 565 3352 thestr.113(l
585 3296 633 3352 fol.
653 3297 735 3352 men
752 3298 884 3365 (Triones.
905 3300 988 3364 1603.)

432 3400 456 3462 1)
475 3394 606 3451 Ceterum
624 3396 789 3453 tenuissimo
808 3398 967 3454 discrimine
992 3398 1097 3453 interse
1122 3397 1349 3453 discernebantur
1367 3398 1486 3469 quinque

360 3477 428 3532 haee
441 3477 625 3537 instrumenta
633 3483 790 3555 ψαλτήριον,
803 3481 963 3554 λυροφοίνιξ,
974 3481 1095 3553 μάγαδις,
1109 3480 1241 3553 σαμβύκη,
1251 3483 1379 3553 τρίγωνον
1391 3488 1485 3552 (quan-

361 3581 442 3633 quam
466 3565 536 3620 heec
561 3570 704 3636 quattuor:
729 3566 753 3621 λ.
772 3588 800 3639 μ.
819 3585 842 3622 ο.
862 3585 902 3640 τρ.
920 3570 1053 3638 tauquam
1078 3565 1203 3621 diverses
1228 3565 1353 3620 citharae
1378 3566 1485 3636 speeies

361 3649 492 3720 deinceps
519 3651 598 3720 pouit
627 3653 807 3706 Aristoxenus
837 3668 880 3720 ap..
906 3653 999 3708 Athen
1025 3651 1066 3706 IV
1093 3647 1198 3717 mall„
1225 3666 1288 3704 nem
1307 3652 1336 3704 et
1362 3653 1486 3717 monadia

362 3735 522 3789 ercembert
546 3752 600 3790 nou
619 3736 756 3791 diversam
774 3737 859 3792 fuisse
877 3741 1002 3804 testatur
1018 3736 1168 3805 Euphorio.
1194 3736 1224 3788 et
1236 3737 1395 3803 psalterium
1413 3733 1486 3788 idem

361 3820 442 3886 atque
452 3823 577 3886 maeodin
585 3820 802 3875 instrumentum
810 3822 896 3876 luisse
910 3823 992 3876 docet
999 3821 1183 3889 Apollodorus
1195 3835 1240 3890 sp.
1250 3818 1317 3874 Ath.
1328 3819 1393 3873 XIV
1400 3820 1485 3874 6361).

359 3899 443 3954 Porro
473 3902 696 3972 lyrophoeuieem
727 3903 873 3958 sambucae
904 3905 991 3960 inisse
1022 3905 1143 3973 speciem
1172 3902 1246 3959 Juba
1273 3905 1410 3968 testatur,
1441 3917 1485 3972 ap·

360 3982 461 4041 Athen.
479 3986 519 4040 IV
540 3987 626 4041 1751).
661 3987 785 4056 Denique
812 4003 873 4040 cum
891 3988 1018 4056 psalterii
1035 3989 1152 4044 formam
1170 3983 1191 4040 Δ
1210 4002 1327 4056 graecae
1344 3986 1431 4042 inisse
1449 3985 1486 4039 si-

361 4067 505 4126 millimam
521 4072 646 4126 Isidorus
665 4071 812 4126 memoriae
831 4071 993 4142 prodiderit,
1012 4073 1082 4143 orig.
1104 4073 1208 4137 11121,
1228 4087 1262 4126 ne
1280 4071 1407 4141 τρίγωνον
1425 4069 1485 4141 qui·

359 4152 422 4208 dem
445 4155 478 4210 ab
502 4156 546 4210 his
570 4155 764 4212 instrumentis
787 4156 875 4210 multo
902 4155 1040 4214 diversum
1071 4159 1158 4215 fuisse
1184 4159 1402 4211 consentancum
1432 4157 1486 4211 est.

361 4237 433 4304 Quid
451 4241 524 4310 quod
542 4240 628 4296 etiem
646 4241 743 4310 πηκτός
762 4240 881 4310 quinque
894 4240 952 4295 illis
970 4241 1166 4299 instrumentis
1186 4237 1330 4294 simillima
1347 4238 1433 4293 luisse
1445 4236 1484 4292 ri·

360 4323 452 4379 detur:
473 4325 507 4379 ei.
524 4325 590 4381 Ath.
609 4323 674 4379 XIV
693 4326 781 4382 esth.
801 4325 923 4389 ttthlB.
