3344 5126
915 389 956 474 24

378 570 521 646 nequeat
548 587 649 652 supra
679 568 855 634 declaravi.
905 568 1122 634 Desideratur
1150 591 1265 654 nempe
1300 588 1384 651 quae
1420 589 1495 632 cum

377 679 491 740 nostro
514 678 700 762 comparari
721 678 829 763 possit
851 678 890 744 de
913 679 1013 745 rebus
1036 678 1197 744 scaenicis
1219 678 1361 764 amplior
1383 676 1495 761 dispu-

377 785 470 868 tatio,
492 788 607 871 quales
629 788 705 854 aliis
730 789 770 854 de
792 789 893 855 rebus
907 788 1044 873 praebet
1059 787 1256 854 Athenaeus.
1304 785 1368 852 Sed
1384 791 1494 852 extem

376 915 454 960 sane
477 898 566 982 apud
594 897 688 962 illum
717 898 758 965 de
787 897 916 964 duabus
950 898 1050 963 rebus
1072 919 1147 963 cum
1168 906 1240 965 arte
1267 902 1494 983 apparatuque
1532 931 1539 940 ·

377 1006 529 1073 scaenico
551 1007 718 1074 artissime
741 1007 874 1074 conexis
902 1008 985 1074 satis
1012 1009 1165 1092 copiosae
1193 1006 1494 1086 commentationes,

375 1115 415 1182 de
437 1121 647 1181 instrumentis
668 1124 792 1184 musicis
813 1118 920 1202 deque
941 1125 1142 1184 saltationum
1164 1123 1340 1197 amoribus.
1376 1115 1438 1180 His
1460 1115 1493 1178 in

373 1224 473 1291 rebus
498 1225 526 1289 si
548 1225 667 1309 aliqua
682 1248 759 1292 cum
779 1227 1016 1313 probabilitate
1039 1247 1121 1311 quos
1142 1226 1257 1294 Pollux
1287 1231 1420 1293 secutus
1450 1224 1494 1290 sit

375 1339 531 1400 auctores
553 1335 677 1419 poterit
699 1335 863 1419 dignosci,
886 1336 1140 1417 concedendum,
1161 1343 1250 1420 puto,
1273 1342 1331 1402 aut
1350 1335 1492 1417 largien-

373 1443 452 1509 dum
474 1443 592 1509 saltem
615 1444 687 1526 erit,
708 1444 833 1511 eisdem
854 1446 954 1512 etiam
976 1447 1010 1512 in
1029 1447 1168 1531 reliquis
1184 1445 1328 1512 scaenici
1350 1464 1492 1530 appara·

355 1558 426 1619 tus
450 1553 603 1639 partibus
625 1554 819 1620 enarrandis
841 1575 915 1622 eum
936 1577 1034 1622 usum
1056 1577 1129 1624 esse
1150 1557 1307 1622 fontibus.

456 1663 506 1729 De
533 1670 744 1730 instrumentis
771 1671 898 1729 musicis
925 1663 1040 1731 Pollux
1070 1667 1138 1750 egit
1159 1666 1204 1732 IV
1227 1671 1267 1732 58
1292 1686 1369 1748 sqq3
1399 1662 1489 1748 apud

373 1769 580 1839 Athenaeum
603 1773 750 1840 eiusdem
770 1772 836 1839 loci
859 1780 948 1850 extat
971 1776 1151 1862 descriptio
1171 1776 1217 1842 IV
1237 1801 1270 1863 p.
1287 1782 1348 1842 174
1369 1775 1396 1840 Β
1419 1793 1491 1856 sqq.

371 1881 476 1960 Quam
499 1883 528 1948 si
550 1904 625 1948 cum
646 1882 779 1949 Polluce
807 1883 982 1968 diligenter
1010 1887 1291 1971 comparabimus,
1320 1907 1361 1950 ex
1383 1891 1489 1950 eodem

369 1995 457 2058 iilum
479 2004 572 2071 atque
599 1995 793 2058 Athenaeum
816 2002 906 2072 sonte
935 2001 1075 2062 hausisse
1104 2002 1326 2076 intelieqemus.
1376 1994 1490 2076 Neque

366 2101 453 2168 hanc
480 2101 665 2186 opinionem
686 2107 862 2188 propterea
884 2105 1081 2187 abiciamus,
1107 2107 1186 2191 quia
1214 2105 1321 2170 multa
1348 2103 1485 2170 nomina

368 2211 456 2296 apud
478 2211 644 2278 Pollucem
667 2211 764 2279 obvia
784 2235 850 2279 non
870 2214 936 2298 legi
958 2215 1249 2283 animadvertimus
1279 2213 1368 2299 apud
1388 2213 1490 2278 Athe·

367 2313 497 2403 naeum,
519 2321 578 2405 qni
592 2321 724 2406 plenam
738 2322 837 2388 huius
851 2324 1041 2408 provinciae
1057 2324 1300 2392 enarrationem
1314 2323 1490 2388 instituere

366 2452 533 2515 nunquam
554 2433 588 2498 in
611 2432 720 2497 animo
743 2431 870 2499 habuit.
916 2429 1022 2499 Multa
1045 2455 1124 2500 sane
1147 2434 1259 2501 omisit
1280 2433 1488 2499 Athenaeus:

367 2557 452 2625 quae
474 2548 585 2609 tamen
609 2563 802 2608 enumerare
824 2543 872 2608 nil
886 2544 1015 2626 attinet,
1039 2566 1114 2611 cum
1136 2544 1344 2611 delentibus
1366 2540 1488 2608 abillo

365 2652 507 2718 fortasse
544 2651 704 2718 adhibitis
737 2653 813 2717 inde
845 2652 898 2718 vix
928 2653 1105 2738 quicquam
1126 2655 1244 2740 ,simus
1278 2649 1488 2737 exploraturi.

366 2766 479 2845 Neque
501 2782 540 2827 ex
562 2761 610 2827 eis
632 2761 820 2828 nominibus
842 2763 982 2828 multum
1004 2763 1179 2846 discimus,
1209 2784 1294 2847 quae
1315 2769 1374 2826 aut
1395 2759 1487 2845 apud

366 2871 509 2936 alterum
531 2876 643 2936 utrum
665 2876 723 2936 aut
752 2872 841 2957 apud
868 2879 1043 2957 utrumque
1071 2874 1216 2940 breviter
1243 2876 1372 2938 tantum
1400 2889 1488 2936 aom-

365 2986 601 3046 memorantur.
637 2979 759 3072 Quoia
772 3002 909 3049 numero
924 2983 1007 3048 haec
1030 2988 1106 3049 sunt
1121 2981 1199 3067 λύρα
1214 2981 1329 3066 κίθορα
1344 2979 1487 3066 βάρβιτον

364 3090 435 3173 (sed
459 3091 656 3172 notandum,
679 3090 762 3156 haeo
783 3092 850 3157 tria
866 3094 960 3178 jungi
984 3094 1084 3158 etiam
1105 3093 1195 3179 apud
1216 3092 1420 3159 Athenaeum
1441 3091 1487 3155 IV

367 3204 425 3264 182
456 3198 497 3282 E)
526 3199 693 3284 ψαλτήριον
722 3201 853 3285 (Athen.
883 3209 942 3270 183
965 3201 1005 3289 (l)
1027 3199 1171 3287 τρίγωνον
1199 3205 1275 3288 (175
1298 3201 1335 3268 D.
1361 3205 1420 3266 182
1450 3200 1485 3266 F.

367 3312 426 3373 183
449 3307 501 3394 Ε.)
523 3308 665 3394 σαμβύκη
688 3309 764 3394 (175
787 3309 972 3398 1).)πηκτίς
1004 3315 1080 3399 (183
1103 3314 1155 3400 Β.)
1178 3310 1274 3397 φοῖνιξ
1301 3310 1390 3396 (XIV
1421 3314 1485 3376 636

363 3417 399 3483 Β.
430 3422 490 3484 637
514 3419 555 3505 Β)
584 3421 754 3506 παρίαμβος
785 3423 862 3506 (183
893 3422 939 3508 O.)
970 3422 1130 3509 σκινδαψὸς
1153 3427 1229 3502 (183
1252 3421 1343 3507 ΑΙΒ.)
1373 3419 1483 3483 αὐλοί·

363 3527 585 3613 κιθαριστήριοι
607 3531 865 3618 (1821117611)
887 3531 1053 3615 μεοόκοποι
1075 3532 1207 3618 (17611)
1230 3531 1331 3594 δίοποι
1351 3531 1429 3618 (176
1444 3529 1484 3615 F)

361 3637 489 3720 ἡμίοποι
510 3639 597 3724 (177.
623 3647 681 3707 182
707 3641 754 3727 G.)
776 3641 943 3726 παρθένιοι,
967 3640 1101 3708 natitant
1124 3644 1199 3728 (177
1220 3642 1260 3728 F)
1283 3640 1485 3726 [παράτρητοι

363 3748 442 3814 Poll.
472 3755 522 3814 81.
552 3771 630 3814 num
656 3751 741 3817 forte
779 3752 913 3818 eaedem
948 3759 1025 3820 sunt
1059 3754 1163 3820 tibiae
1193 3772 1276 3835 quas
1305 3750 1483 3835 ὑποτρὴτνς

362 3863 458 3924 vocat
478 3857 554 3923 Ath.
576 3858 621 3925 IV
646 3866 704 3926 176
727 3861 753 3925 F
759 3861 788 3946 ?]
812 3863 989 3926 δακτυλικοί
1012 3867 1087 3946 (176
1110 3863 1158 3940 F).
1201 3861 1272 3927 Hoo
1294 3866 1403 3926 tamen
1431 3861 1483 3924 his

362 3987 492 4052 quoque
514 3969 670 4052 exemplis
691 3951 862 4053 probatur,
892 3971 981 4037 haud
1009 3973 1057 4038 ita
1087 3971 1280 4038 dissimilem
1309 3953 1483 4035 aPolluoe

362 4083 532 4144 auctorem
557 4051 704 4144 secutum
727 4099 800 4145 esse
824 4077 1038 4148 Athenaeum.
1083 4081 1146 4148 Sed
1169 4081 1273 4146 multo
1304 4079 1427 4145 clarius
1449 4080 1484 4145 id

362 4187 438 4254 inde
460 4196 616 4274 apparet,
638 4187 727 4271 quod
749 4190 899 4256 omnibus
922 4190 989 4256 illis
1011 4193 1095 4260 locis
1117 4191 1175 4258 nbi
1204 4188 1315 4276 paullo
1346 4190 1484 4276 amplio-

362 4319 431 4363 rem
467 4297 626 4380 euiusque
661 4298 870 4365 instrumenti
907 4301 1024 4368 musici
1066 4299 1328 4389 explanationem
1371 4307 1483 4385 protu-
