3344 5126
724 405 763 485 νο

185 584 302 659 lerunt,
324 583 372 648 ita
396 584 518 650 iuterse
542 585 750 650 consentiunt
771 591 809 649 ut
830 585 871 650 de
887 588 1050 651 communi
1072 587 1162 652 fonte
1184 587 1307 669 cogites

186 713 322 759 necesse
346 691 397 756 sit.

272 802 320 868 De
350 801 509 887 ἑπιγονείιρ
540 801 631 889 lyrae
664 822 782 885 genere
814 802 897 868 haee
927 810 1043 870 narrat
1070 803 1187 869 Pollux
1210 805 1228 889 δ
1250 809 1307 870 59:

186 909 352 994 ἐπιγόνειον
381 911 415 974 δὲ
438 911 585 995 κέκληται
614 911 673 976 ἀπὸ
700 916 753 975 τοῦ
781 911 942 997 εὑρόντος·
974 913 990 976 δ
1027 907 1050 975 δ’
1079 908 1240 996 Ἐπίγονος
1271 912 1308 997 ἢν

187 1019 267 1103 γένει
289 1019 344 1104 μὲν
372 1017 629 1106 Ἀμπρακιώτης,
651 1029 725 1105 τιμῇ
747 1023 781 1085 δὲ
805 1021 966 1092 Σικυώνιος
989 1027 1108 1106 πρῶτος
1131 1021 1310 1106 ἐπικροώοας

187 1125 258 1192 ἄνευ
281 1129 447 1214 πλίγκτρου.
490 1130 566 1195 «Iam
586 1131 627 1196 cs.
653 1131 766 1198 Athen.
788 1131 833 1197 IV
858 1139 918 1198 183
946 1133 992 1198 D:
1015 1131 1049 1196 τὸ
1072 1131 1239 1216 ἐπιγόνειον
1260 1171 1303 1182 —-

187 1239 329 1311 διασώζει
357 1239 412 1323 τήν
440 1242 492 1302 τοῦ
520 1241 698 1324 χρησαμένιι
734 1228 966 1327 προσηγορίαι·
1002 1240 1039 1326 ἦν
1069 1237 1114 1305 δ’ὁ
1145 1239 1307 1326 Ἐπίγονος

187 1345 275 1430 φύσει
294 1346 348 1429 μὲν
363 1345 611 1433 Ἀμπρακιώτης,
628 1351 836 1436 δημοποίητος
853 1352 887 1415 δὲ
896 1351 1068 1432 Σικυώνιος,
1084 1351 1310 1435 μουσικώτατος

187 1450 258 1520 δ’ών
287 1457 366 1519 κατὰ
393 1455 488 1541 χεῖρα
517 1456 591 1542 δίχα
612 1461 769 1545 πλήκτρου
793 1457 935 1545 ἔψαλλεν.
979 1459 1088 1542 VideS,
1110 1461 1145 1524 in
1167 1460 1310 1526 minimis

188 1585 319 1648 quoque
342 1564 443 1630 rebus
464 1565 550 1631 inter
572 1573 745 1652 utrumque
766 1569 953 1635 convenire:
976 1569 1147 1653 namquid
1168 1572 1212 1635 ad
1233 1592 1312 1651 rem,

189 1672 278 1757 quod
294 1671 382 1758 φύσει
396 1674 497 1740 fuerit
511 1673 727 1746 Ambraciota
742 1678 797 1744 ille
813 1677 993 1760 Epigonus,
1016 1678 1102 1742 θέσει
1116 1679 1311 1765 Sicyonius?

187 1782 225 1848 In
247 1783 370 1850 talibus
393 1784 458 1850 nisi
480 1785 537 1868 qni
553 1789 717 1855 communi
739 1793 876 1855 utuntur
891 1794 1028 1854 auctore
1050 1787 1103 1853 vix
1125 1788 1185 1853 ulli
1208 1788 1311 1873 scrip·

187 1897 276 1958 tores
298 1903 455 1960 accurate
476 1896 598 1963 interse
621 1897 837 1964 consentient.

273 2001 387 2086 Νάβλα
415 2005 473 2071 nbi
495 2011 728 2071 commemorat
749 2006 879 2088 Pollux,
902 2010 988 2088 5⁶¹,
1011 2006 1054 2071 ad
1075 2006 1214 2071 eundem
1236 2029 1311 2091 pro·
1386 2003 1393 2014 '

187 2118 284 2177 vocat
305 2112 506 2181 Philemonis
529 2135 670 2197 vorsum,
693 2137 789 2198 quem
812 2116 924 2182 multis
949 2136 1027 2180 sane
1047 2137 1111 2200 pro
1138 2135 1228 2180 more
1251 2137 1311 2184 suo

190 2242 265 2286 cum
287 2223 362 2288 aliis
384 2224 514 2307 profert
535 2225 725 2293 Athenaeus
747 2226 793 2293 IV
818 2231 877 2292 175
902 2223 949 2306 Ol
956 2224 995 2288 D.

275 2331 366 2398 Inter
395 2333 496 2400 tibias
525 2336 633 2421 primo
662 2336 736 2402 loco
765 2335 878 2421 posuit
903 2333 1019 2399 Pollux
1047 2333 1065 2418 ἕ
1093 2339 1147 2403 74:
1184 2332 1311 2417 πλάγιος

190 2438 330 2525 (αὐλός),
368 2441 509 2524 λώτινος,
547 2443 668 2530 Λιβύων
707 2444 742 2509 τὸ
779 2445 912 2530 εὕρημα,
960 2442 1151 2525 πλαγίαυλον
1195 2440 1313 2507 δἀὐτὸν

192 2546 304 2647 Λίβυες
327 2552 464 2615 καλοῖσιν.
507 2551 618 2619 Possit
645 2555 750 2621 videri
777 2554 1004 2620 contradicere
1033 2551 1221 2617 Athenaeus
1254 2559 1312 2619 175

189 2657 227 2737 E,
251 2657 307 2739 qui
339 2656 482 2724 affirmat
509 2667 734 2744 Aepyptr'orum
763 2665 931 2729 inventum
960 2683 1033 2728 esse
1061 2659 1113 2723 τὸν
1141 2655 1314 2745 καλιίρενον

192 2766 330 2849 φώτιγγα
357 2767 557 2852 πλαγίαυλον.
609 2773 671 2838 Sed
701 2774 772 2859 ipse
799 2797 831 2856 p.
869 2778 927 2837 182
955 2771 1035 2853 DJE
1069 2770 1152 2836 haec
1181 2778 1313 2836 narrat:

188 2873 216 2937 οί
241 2875 275 2938 δὲ
304 2870 471 2959 καλιίμενοι
500 2883 621 2945 λώτινοι
649 2877 738 2947 αὐλοί
773 2871 836 2945 inei
858 2878 933 2944 εἰσιν
955 2877 984 2945 οἱ
1007 2879 1063 2942 ὑπὸ
1084 2877 1314 2964 Ἀλεξανδρέων

190 2987 358 3077 καλιίρενοι
381 2991 538 3079 φώτιγγες,
563 2990 841 3063 κατασκευάζονται
864 2991 901 3078 δὲ,
920 2992 954 3053 ἐκ
969 2995 1022 3052 τοῦ
1045 2990 1198 3073 καλυρένο
1222 2994 1314 3072 λώτῖι,

192 3101 280 3174 ξύλον
303 3100 396 3168 δ’ἐστὶ
419 3107 507 3166 τοῦτο
529 3102 684 3186 γινόμενον
707 3102 747 3165 ἐν
769 3098 906 3185 Λιβύη.
944 3100 1009 3166 Sed
1029 3099 1117 3182 quod
1140 3121 1179 3164 ex
1200 3099 1314 3183 planta

190 3213 303 3295 aliqua
324 3214 449 3299 Libyca
468 3211 699 3278 fabricabatur
720 3213 982 3291 instrumentum,
1014 3210 1049 3274 id
1071 3209 1129 3274 ubi
1149 3216 1315 3287 terrarum

191 3321 256 3385 nisi
278 3321 313 3385 in
334 3321 408 3406 ipsa
429 3322 533 3408 Libya
548 3317 691 3407 primum
713 3327 746 3386 in
767 3343 830 3387 usu
853 3321 956 3386 fuisse
972 3320 1186 3404 putabimus?
1208 3322 1314 3403 Atque

190 3432 256 3497 fuit
286 3432 368 3496 haec
397 3432 487 3496 haud
516 3431 616 3497 dubie
643 3430 732 3497 illius
760 3453 859 3514 quem
886 3430 991 3496 altero
1021 3429 1093 3494 loco
1125 3430 1314 3496 Athenaeus

188 3542 370 3627 exscripsit
392 3541 538 3606 auctoris
562 3542 734 3605 sententia.
770 3540 846 3606 Jam
869 3539 1053 3628 oumhuno
1076 3540 1118 3605 ab
1142 3539 1197 3603 illo
1220 3559 1316 3620 quem

190 3652 302 3736 priore
324 3651 397 3717 loco
421 3655 555 3715 secutus
578 3655 717 3714 estnon
740 3650 903 3714 diversum
935 3669 1007 3712 esse
1035 3655 1152 3730 postea
1175 3649 1237 3712 sim
1260 3649 1315 3714 de-

190 3766 451 3842 monstraturus,
475 3759 716 3826 consectarium
739 3769 799 3842 est,
821 3765 879 3824 aut
901 3757 1051 3840 sibiipsi
1075 3758 1315 3823 contradixisse

191 3870 285 3936 illum
314 3871 525 3960 scriptorem,
556 3875 629 3950 aut,
665 3869 960 3936 Alexandrinorum
992 3873 1029 3932 ut
1059 3867 1191 3933 laudem
1204 3867 1314 3950 ⁴etiam

191 3987 340 4062 augeret,
376 4000 494 4063 parum
523 3986 678 4046 accurate
706 3981 804 4045 huius
841 4002 971 4064 quoque
1007 3979 1233 4059 instrumenti,
1269 3977 1312 4040 ab

192 4089 422 4154 Alexandrinis
450 4088 566 4172 procul
594 4089 694 4154 dubio
724 4091 861 4155 multum
890 4090 1060 4172 usurpati,
1095 4088 1313 4152 inventionem

191 4197 257 4263 illis
272 4199 431 4264 tribuisse
447 4199 661 4264 Athenaeum.
698 4200 844 4278 Quorum
860 4223 933 4268 oum
948 4200 1041 4283 prius
1064 4200 1132 4262 veri
1149 4199 1193 4261 sit
1216 4195 1315 4260 dissi-

193 4308 372 4389 millimum,
388 4310 422 4373 in
437 4281 710 4392 altera⁹opinione
728 4311 808 4392 quid
824 4309 901 4384 sita
917 4308 1155 4394 probabilitate
1170 4307 1311 4376 alienum
