3344 5126
892 395 930 454 10

348 576 499 663 potuisse
530 573 662 659 quidem
688 575 791 640 ullam
817 575 851 638 in
880 575 947 640 illis
976 577 1225 642 commemorari
1249 597 1362 644 vocem
1385 597 1468 660 quae

350 686 439 772 apud
459 692 575 771 poetas
597 685 744 767 tragicos
768 686 978 768 comicosque
999 705 1064 760 non
1085 686 1260 768 legeretur.

433 796 589 878 Denique,
611 801 648 860 ut
665 796 735 880 jam
757 796 845 861 rivos
867 795 1029 877 claudam,
1052 795 1151 862 etiam
1167 802 1345 880 propterea
1360 819 1380 862 a
1394 796 1468 861 Pol-

347 905 421 971 luce
448 904 600 970 adhibita
627 925 700 970 esse
728 905 856 989 Didymi
884 904 990 970 lexica
1018 911 1149 970 strenue
1178 927 1271 988 nego,
1304 906 1383 988 quia
1411 907 1469 988 qui

348 1015 527 1081 secundum
550 1022 708 1080 materiem
732 1015 861 1097 singula
882 1015 1045 1080 vocabula
1070 1016 1290 1097 componebat
1319 1017 1468 1101 proiecto

346 1146 411 1189 non
426 1145 548 1189 usurus
563 1131 635 1190 erat
649 1107 753 1189 lexico
771 1123 891 1205 aliquo,
911 1124 946 1189 in
961 1146 1025 1206 que
1041 1123 1139 1188 κατὰ
1161 1124 1357 1209 στοιχεῖον
1370 1147 1468 1192 voces

347 1233 578 1300 decurrebant.
621 1233 673 1298 Ita
709 1233 795 1298 enim
823 1234 955 1318 Didymi
989 1233 1095 1298 lexica
1121 1234 1274 1300 instituta
1301 1236 1405 1302 fuisse
1434 1236 1469 1301 in

347 1344 491 1428 epistula
525 1347 669 1408 testatur
695 1343 878 1428 Hesychius
892 1349 923 1424 ¹).
973 1342 1098 1408 Eodem
1131 1351 1240 1409 autem
1267 1344 1365 1410 modo
1401 1345 1468 1410 dis·

345 1454 457 1536 posita
472 1453 575 1518 fuisse
590 1452 751 1538 Pamphili
767 1453 1026 1538 Zopyrionisque
1040 1462 1172 1520 vastum
1187 1474 1280 1537 opus,
1299 1453 1467 1532 Pollionis

344 1621 402 1692 Ip.
421 1623 570 1681 CLXVIID
589 1622 750 1678 institutam
769 1637 829 1675 csse
847 1621 918 1676 hanc
936 1624 1041 1677 formae
1065 1620 1248 1675 mutationem
1272 1621 1402 1690 proclivis
1424 1629 1467 1680 est

345 1706 511 1775 conjectura,
540 1707 652 1761 minime
674 1711 768 1762 mutan
791 1705 827 1759 ad
850 1705 909 1760 reri
932 1706 1052 1776 speciem
1075 1706 1209 1776 perducta
1232 1723 1248 1760 a
1271 1707 1379 1760 Nubere
1398 1707 1467 1773 prol.
1527 1736 1532 1744 ·

346 1789 430 1845 Phot.
449 1807 475 1859 p.
496 1795 536 1846 10.
571 1792 605 1846 ld
622 1807 706 1845 uirum
725 1793 770 1859 qui
788 1789 817 1844 ia
834 1789 878 1844 his
897 1788 996 1844 studiis
1015 1792 1141 1844 versatas
1160 1793 1203 1844 est
1220 1790 1304 1844 facile
1322 1789 1466 1859 largietur,

344 1874 493 1940 Thoonem,
512 1876 537 1930 ri
548 1877 630 1930 medo
638 1875 860 1944 pestDidymum
877 1873 986 1938 vixerit,
1003 1873 1080 1928 illius
1099 1872 1202 1928 scrinia
1221 1874 1400 1944 compilasse;
1419 1874 1467 1945 qui

345 1962 407 2014 erat
425 1963 554 2014 constans
572 1960 682 2015 illoram
702 1963 858 2029 temporum
875 1974 945 2012 mos.

432 2048 457 2109 1)
474 2043 545 2098 Nam
563 2045 637 2114 quod
654 2044 772 2114 primum
792 2043 903 2112 quidem
922 2041 1071 2096 secandum
1089 2041 1234 2096 materiem
1253 2041 1391 2111 disposita
1408 2042 1465 2098 edi·

344 2126 419 2182 disse
437 2128 528 2183 lexica
546 2143 596 2182 sua
612 2127 769 2196 Didymum‚
792 2130 889 2194 postea
913 2127 1022 2182 demum
1046 2127 1135 2194 ipsum
1153 2125 1310 2181 instituisse
1329 2128 1466 2197 epitomas

345 2211 416 2264 κατὰ
429 2217 564 2284 στοιχεῖον
578 2210 721 2265 ordinatas
735 2210 854 2280 conjecit
864 2212 896 2264 H.
910 2212 1033 2264 Weberes
1045 2209 1145 2265 Philol.
1159 2210 1301 2280 supplem.
1314 2212 1417 2266 111545
1428 2229 1465 2277 ss,

342 2293 372 2350 id
390 2295 458 2349 mihi
476 2313 531 2350 non
549 2295 637 2364 magis
655 2311 736 2365 quam
755 2298 841 2348 Maur.
856 2295 999 2348 Schmidtte
1012 2294 1160 2363 persuasit.
1179 2293 1294 2348 Unicam
1307 2297 1378 2350 hanc
1390 2295 1465 2350 illius

340 2380 519 2449 conjecturae
547 2396 671 2434 caussam
696 2380 809 2449 profert,
842 2379 915 2447 quod
940 2377 974 2430 ab
998 2377 1218 2447 Harpocratione
1243 2396 1264 2434 s.
1290 2379 1464 2451 ξηραλοιφεῖν

346 2467 385 2534 (p.
401 2467 449 2518 134
461 2464 525 2535 Bk.)
543 2464 659 2534 Didymi
676 2472 803 2536 τραγικῆς
823 2462 922 2524 λέξεως
940 2461 1012 2515 liber
1028 2461 1176 2516 vicesimus
1195 2466 1309 2518 octavus
1328 2463 1466 2518 laudatur.

344 2551 479 2614 (Schmidt.
498 2549 607 2619 Didym.
625 2566 652 2619 p.
672 2550 727 2618 84.)
763 2547 800 2602 At
821 2547 885 2601 hinc
911 2561 976 2600 sane
1001 2547 1078 2600 tibris
1096 2546 1275 2602 distributum
1294 2548 1378 2603 luisse
1396 2547 1466 2602 illud

343 2651 411 2704 opus
431 2634 616 2703 colligendum
634 2637 691 2699 est;
710 2632 819 2688 diverso
839 2632 873 2684 ab
891 2629 1109 2698 Harpocratiene
1129 2630 1333 2700 Diogenianum
1354 2631 1466 2702 Didymi

343 2735 425 2788 opera
444 2734 521 2772 usum
542 2734 611 2783 esse,
631 2734 682 2786 ego
701 2717 828 2787 equidem
847 2732 900 2769 non
913 2715 990 2782 prius
1005 2715 1221 2769 concludendum
1234 2732 1294 2770 esse
1308 2718 1464 2781 concedam,

342 2818 425 2872 quam
443 2796 612 2857 conciliairdi
629 2801 763 2872 Hesychii
786 2816 847 2854 cum
865 2799 1095 2866 Harpocrationis
1114 2799 1277 2855 testimonie
1295 2817 1389 2854 omnes
1406 2801 1465 2855 vias

309 2913 311 2918 v
341 2887 501 2955 praeclusas
519 2887 622 2941 ridere.
658 2887 760 2941 Verum
777 2885 806 2938 in
824 2885 955 2954 promptu
972 2886 1016 2937 est
1029 2899 1082 2951 qua
1094 2882 1146 2937 hec
1159 2883 1296 2938 efficiatur
1308 2900 1362 2939 non
1373 2885 1465 2946 nimis.

341 2973 375 3023 ut
392 2972 471 3038 puto,
490 2970 615 3025 violenta
633 2971 713 3025 ratio.
748 2970 858 3038 Repata
875 2967 958 3029 enirn,
983 2983 1094 3035 quaeso,
1117 2967 1150 3022 de
1173 2968 1308 3024 vocabule
1334 2968 1429 3038 aliquo
1447 2983 1464 3022 a

341 3059 438 3120 quarta
456 3057 557 3108 decime
575 3055 680 3118 littora,
703 3071 773 3124 quae
799 3054 844 3105 est
862 3051 883 3114 Ε,
906 3049 1065 3116 incipiente.
1090 3050 1118 3104 in
1142 3056 1264 3107 vicesimo
1282 3061 1374 3108 octeee
1391 3052 1462 3106 libro

344 3135 504 3204 disputasse
528 3138 686 3208 Didymum.
720 3125 784 3193 Jam
807 3136 831 3190 si
853 3139 941 3198 tenes,
970 3134 1039 3188 κατὰ
1057 3141 1194 3208 στοιχεῖον
1218 3137 1354 3206 disposita
1377 3136 1463 3192 fuisse

340 3219 452 3289 Didymi
470 3221 568 3286 lexica,
586 3238 651 3276 num
669 3219 836 3276 temerarius
853 3217 905 3274 tibi
926 3219 1072 3280 videbitur,
1090 3220 1137 3288 qui
1157 3222 1230 3275 tinea
1248 3225 1340 3289 cuique
1357 3225 1464 3275 litterae

340 3305 423 3357 libres
441 3304 591 3358 destinatos
608 3305 694 3360 luisse
713 3303 853 3359 coniciet?
888 3302 959 3368 Quid
972 3302 1075 3370 igitur?
1092 3302 1207 3357 itanein
1221 3304 1299 3358 binos
1312 3305 1359 3359 ille
1376 3304 1463 3359 libros

342 3386 478 3442 dissecuit
495 3405 715 3459 unrrmqnamque
739 3389 872 3452 litteram,
895 3391 927 3441 ut
944 3402 997 3440 non
1015 3385 1172 3456 interrupte
1191 3387 1348 3443 litterarum
1367 3389 1461 3444 ordine

339 3470 409 3525 libro
428 3470 674 3526 alteri-dimidiam
692 3472 889 3526 vocabulorum
906 3473 1015 3541 partem
1033 3469 1180 3534 tribueret,
1198 3471 1341 3527 dimidiam
1360 3473 1462 3528 alteri?

340 3556 454 3610 Minime
467 3573 546 3611 vero:
560 3556 627 3626 quid
641 3556 714 3611 enim
727 3561 785 3610 tum
799 3556 879 3610 libris
892 3554 980 3624 epus?
992 3570 1042 3608 nec
1056 3554 1181 3622 pluribus
1193 3555 1273 3610 libris
1288 3557 1461 3626 discripsisse

340 3646 449 3696 veteres
475 3641 565 3695 lexica
592 3641 662 3695 nihil
687 3641 743 3695 nisi
768 3641 926 3695 litterarum
951 3639 1075 3693 ordinem
1099 3638 1226 3693 curantia
1247 3640 1307 3708 ipse
1329 3641 1461 3696 Weberas

340 3725 448 3780 abunde
461 3725 671 3779 demonstravit.
707 3726 795 3779 Immo
809 3726 862 3778 duo
877 3725 968 3793 capita
981 3721 1115 3786 instituit,
1129 3723 1227 3791 quibus
1241 3723 1281 3775 ita
1295 3722 1461 3793 dispertitae

341 3812 421 3863 erant
439 3808 563 3877 singulae
583 3809 702 3876 glossae,
728 3812 847 3876 atquae
867 3808 901 3861 ab
920 3807 1016 3860 eadem
1034 3805 1130 3858 littera
1147 3803 1304 3872 inciperent
1326 3808 1461 3862 vocabula

339 3891 368 3946 iu
386 3891 464 3945 binas
483 3907 592 3956 semper
610 3893 798 3947 dividerentur
823 3893 934 3953 classes,
959 3887 1131 3958 singulisque
1155 3889 1183 3941 et
1206 3887 1309 3943 litteris
1327 3908 1396 3960 quas
1412 3909 1460 3946 vo·

341 3991 435 4029 camur
453 3973 610 4030 initialibus
629 3979 657 4030 et
674 3977 810 4030 classibus
830 3974 934 4043 singuli
952 3973 1156 4027 destinarentur
1173 3973 1249 4031 libri.
1285 3977 1323 4030 At
1334 3977 1399 4031 bina
1411 3976 1461 4030 illa

339 4059 433 4128 capita
457 4058 549 4128 qualia
566 4059 652 4114 iuissa
672 4060 814 4115 dicemus?
848 4057 943 4114 Possit
965 4059 1017 4112 huc
1041 4058 1133 4112 iacere
1150 4057 1241 4112 videri
1257 4059 1394 4114 Macrobii
1410 4059 1459 4115 ille

340 4159 393 4211 quo
411 4142 544 4198 Weborus
561 4159 627 4198 usus
646 4147 690 4198 est
706 4144 736 4198 ia
755 4143 922 4199 Saturnaliis
938 4139 1079 4197 Conviviis
1096 4141 1172 4196 locus
1190 4142 1225 4204 (V
1241 4145 1271 4194 18
1290 4143 1304 4209 ξ
1320 4147 1346 4196 11
1369 4161 1396 4213 p.
1409 4147 1459 4196 322

340 4225 441 4296 Em),
459 4227 572 4298 Didymi
590 4246 605 4280 τ
612 4228 878 4300 ραγῳδουμένην
898 4225 968 4287 λέξιν
982 4225 1139 4279 laudantis:
1158 4225 1229 4278 hane
1243 4225 1315 4278 enim
1329 4225 1459 4280 Webcrns

340 4310 457 4365 classem
478 4312 599 4382 aliquam
623 4313 736 4382 nlaioris
755 4313 828 4382 quod
851 4311 905 4366 sibi
927 4311 1006 4365 finxit
1029 4309 1110 4366 lexici
1133 4308 1236 4379 tragici
1259 4308 1345 4364 fuisse
1367 4313 1458 4380 putat.
