3344 5126
763 381 804 441 87

222 561 312 649 apud
334 561 456 628 Rufum
480 548 533 627 vel'
549 567 833 629 commemoratur.
877 560 953 626 Isne
969 560 1073 643 igitur
1094 557 1185 646 ὀλίγα
1199 583 1266 624 τινα
1289 581 1345 627 ne·

220 673 328 758 glexit,
360 655 605 757 quicpqctippu,
628 669 774 757 ἀγκτῆρα,
795 663 979 756 stuporibus,
1001 669 1139 757 τέρθρον,
1163 671 1345 758 περίδειρον,

222 784 456 870 ὑπατραχήλιαν,
477 782 591 848 multe
613 782 680 848 alia
694 781 784 847 intra
805 783 907 850 trium
930 780 1218 867 paragraphorum
1241 783 1345 867 spati·

222 918 276 962 um
299 894 426 961 Polluci
455 892 640 977 supplenda
669 892 829 976 reliquit?
861 898 970 973 Immo,
996 889 1078 958 haee
1105 898 1139 958 et
1166 892 1249 959 talia
1279 914 1345 960 non

222 1007 335 1074 omisit
362 1004 485 1085 Rufus,
509 1003 699 1086 omiserunt
728 1003 785 1088 qui
814 1002 905 1068 illius
931 983 1094 1085 tropacis<
1125 1004 1345 1069 decurtarunt

221 1115 358 1183 librarii.
373 1113 521 1195 Etenim,
537 1119 576 1179 ut
592 1113 699 1179 dicam
716 1112 805 1197 quod
830 1112 945 1194 sentio,
966 1134 1028 1180 uos
1044 1111 1142 1180 hodie
1156 1133 1221 1179 non
1236 1111 1344 1196 ipsius

221 1226 296 1292 Rufi
310 1226 443 1311 plenum
456 1246 541 1310 opus
563 1229 725 1303 tenemus,
749 1223 806 1290 sed
831 1222 915 1290 duas
939 1223 1087 1291 diversas
1103 1223 1274 1307 epitomas,
1289 1223 1344 1308 ita

219 1337 407 1416 institutes,
423 1356 490 1402 non
501 1340 541 1400 ut
553 1333 910 1420 ipsiusdisputaticnis
925 1334 1033 1401 omnia
1045 1332 1158 1418 capite
1171 1339 1345 1399 serventur

219 1448 361 1513 resectis
377 1452 488 1534 temen
505 1444 766 1528 digressionibus
791 1443 1019 1527 sermonisque
1038 1442 1233 1526 ambagibus
1249 1463 1344 1510 coar-

220 1556 312 1634 tatis,
327 1554 385 1621 sed
393 1544 543 1622 utlorma
556 1554 752 1622 elocutionis
760 1554 992 1638 plusminusre
1000 1553 1139 1620 fideliter
1149 1553 1343 1632 retineatur,

219 1665 417 1746 abiciantur,
439 1664 541 1749 prout
563 1663 660 1730 alteri
682 1663 751 1730 utri
763 1663 1019 1748 epitomatorum
1034 1664 1137 1731 libido
1152 1670 1213 1744 est,
1234 1663 1342 1746 ipsius

221 1776 510 1860 commentationis
525 1776 674 1860 integrae
686 1794 810 1858 eaeque
819 1773 1231 1860 necessariaepartieulae.
1245 1773 1342 1840 Nem-

221 1908 262 1971 pe
276 1885 353 1952 etin
368 1884 513 1951 Turnebi
529 1883 673 1951 editione
696 1883 814 1975 (Puris.
832 1888 923 1951 1554.
940 1886 989 1972 8⁰)
1005 1890 1039 1950 et
1053 1885 1144 1969 apud
1159 1884 1342 1952 Olinchium

220 2005 303 2064 duae
318 2002 434 2062 extant
457 2001 605 2062 secretae
625 1993 726 2061 huius
748 1995 849 2062 libelli
871 1998 1010 2076 formam
1034 2015 1120 2080 quse
1142 2002 1252 2062 tamen
1275 2017 1341 2080 quo

220 2105 613 2172 familiaritatis'vinculo
629 2103 862 2171 contineantur
883 2114 1001 2174 neuter
1024 2108 1073 2174 vel
1095 2109 1196 2176 verbo
1220 2108 1342 2192 signifi-

222 2219 346 2296 cauto.
375 2218 446 2283 Has
461 2235 538 2282 vero
549 2207 634 2280 duus
648 2212 724 2280 Rufi
740 2215 1020 2286 conformationes
1036 2218 1064 2285 si
1079 2219 1204 2285 intereo
1218 2224 1252 2284 ct
1266 2238 1342 2284 cum

222 2328 356 2394 Polluce
385 2325 639 2410 comparaveris,
668 2324 810 2409 primum
828 2325 960 2411 plenam
983 2329 1180 2395 onomastici
1201 2329 1341 2395 formam

217 2440 377 2523 praebere
399 2441 552 2502 neutram
566 2434 745 2516 intelleges,
770 2435 885 2502 deinde
900 2458 978 2505 vero
996 2459 1036 2503 ne
1053 2439 1183 2505 coalitis
1200 2438 1341 2524 quidem,

217 2556 380 2634 quantum
394 2547 466 2612 fieri
481 2544 603 2631 possit,
618 2542 778 2610 ambabus
792 2545 946 2630 epitomis
961 2548 1127 2631 integrum
1141 2571 1203 2617 nos
1218 2551 1340 2616 Rufum

216 2662 475 2742 recuperaturos
498 2675 573 2721 esse
593 2654 690 2721 facile
713 2656 883 2723 concedes.
905 2660 1057 2728 Mensam
1078 2665 1341 2744 esseutramqus

218 2766 511 2835 conformationem
527 2765 636 2851 quiris
650 2767 726 2833 ilico
741 2768 933 2852 perspiciet,
956 2791 1032 2836 nam
1047 2776 1081 2837 et
1095 2769 1224 2858 'desunt
1239 2768 1273 2833 in
1290 2791 1340 2834 ss-

218 2877 327 2945 cunda
349 2876 459 2945 omnia
488 2876 556 2944 fere
584 2878 812 2962 exquisitioris
847 2878 1017 2947 doctrinae
1045 2881 1103 2946 ills
1134 2879 1339 2946 scitamenter

217 3008 303 3073 quas
330 2994 364 3052 et
387 2985 484 3070 prior
509 2989 648 3071 praebet
675 2987 777 3054 editio
813 2993 848 3054 et
874 2989 991 3056 Pollux
1020 2991 1117 3056 avide
1143 2989 1340 3073 plerumque

216 3097 353 3181 recepit;
381 3102 415 3161 et
435 3095 470 3160 in
492 3097 603 3181 priore
625 3097 771 3182 epitoma
793 3119 868 3164 cum
889 3098 996 3165 multa
1018 3099 1084 3165 elia
1107 3099 1339 3166 desiderantur

216 3214 288 3274 tum
310 3203 390 3271 nihil
411 3207 536 3292 majore
563 3229 638 3274 cum
660 3207 857 3276 detrimento
881 3231 980 3295 quam
1001 3210 1168 3294 pulmonis
1192 3209 1339 3294 descrip-

216 3317 272 3384 tio.
317 3323 487 3400 Integrum
514 3325 627 3384 autem
648 3317 723 3384 Rufi
746 3320 944 3403 opusculum
965 3320 1015 3387 ita
1036 3326 1168 3386 tantum
1190 3341 1230 3385 ex
1260 3341 1338 3387 con·

215 3427 392 3493 fundendis
423 3427 577 3511 epitomis
605 3433 834 3494 restauratum
856 3429 899 3492 iri
922 3451 1056 3515 sperare
1077 3430 1200 3512 liceret,
1223 3430 1251 3494 si
1273 3429 1337 3498 hoe

215 3538 290 3623 ipso
306 3537 443 3606 consilio
463 3559 560 3603 suum
583 3543 725 3622 uterque
746 3539 902 3605 librarius
918 3539 1117 3608 breviarium
1132 3539 1339 3606 instituisset

161 3655 163 3660 ’
215 3654 254 3714 ut
286 3669 372 3731 quae
405 3648 490 3716 alter
524 3648 693 3715 omisisset
725 3648 797 3733 ipse
828 3649 1108 3736 subministraret,
1140 3650 1338 3735 praeteriret

287 3910 313 3977 1)
336 3909 378 3962 Ne
401 3908 431 3963 in
453 3927 487 3965 ca
512 3911 623 3980 quidem
652 3928 734 3981 quam
758 3910 896 3970 Matthiae
924 3913 1033 3970 curarit
1060 3915 1123 3970 Rufi
1148 3915 1336 3986 opusculorum

215 3993 339 4048 editione
363 3994 427 4048 huic
452 3995 565 4064 quidem
589 3997 730 4067 scriptioni
758 3997 943 4054 emendandae
973 3999 1136 4071 pleniusque
1164 3999 1335 4055 exhibendae

214 4093 286 4133 uovs
304 4078 455 4134 accessisse
474 4080 610 4145 subsidia,
634 4099 667 4138 ex
691 4083 775 4137 certis
799 4083 963 4152 quibusdam
986 4084 1100 4139 indiciis
1120 4085 1229 4154 colligo.
1263 4081 1334 4137 Nem

215 4163 273 4233 ipsa
296 4163 408 4232 quidem
431 4166 481 4220 illa
505 4166 627 4222 editione
650 4167 718 4221 milri
741 4183 796 4224 non
825 4166 916 4236 magis
941 4185 1024 4237 quam
1042 4169 1164 4240 Hauptio
1182 4169 1225 4223 uti
1245 4166 1334 4223 licuit.

217 4245 348 4302 Ceterum
367 4248 444 4312 huic,
459 4249 529 4304 sicui
552 4249 613 4316 alii,
640 4251 749 4318 libello,
783 4269 836 4324 quo
859 4253 952 4322 plures
979 4253 1211 4326 comparabuntur
1228 4251 1334 4309 codices

218 4346 301 4390 mauu
319 4333 422 4410 scripti,
441 4350 474 4393 eo
492 4334 581 4394 maior
597 4337 672 4394 salus
690 4336 825 4408 speranda
843 4336 907 4397 erit.
