3344 5126
913 445 953 506 68

377 620 433 700 vel,
457 621 509 686 cui
532 619 585 687 ille
609 644 670 688 sua
693 623 812 691 debere
827 626 966 708 videtur,
991 626 1128 694 Photius
1151 629 1332 695 communis
1348 630 1496 696 auctoris

376 732 558 800 doctrinam
581 734 711 818 plenius
741 736 896 803 exhibuit.
941 737 1080 805 Photius
1109 744 1221 805 autem
1250 739 1396 824 itemque
1418 740 1495 806 Dio-

374 931 430 984 tiar
457 931 567 1000 Τοιιρὶο,
593 930 633 982 sic
655 929 752 985 ultima
774 932 951 988 restituenti:
978 930 1141 1007 Σωκράτης-
1166 937 1202 994 ὡς
1226 932 1286 1008 παρ’
1305 933 1495 1008 Ἀριστοφάνει

376 1017 541 1085 τεταγμένον
561 1015 705 1070 ὑποτείνει·

565 1099 615 1169 [εί]
635 1099 663 1154 δέ
682 1120 722 1159 τις
740 1101 828 1154 αὐτῶν
847 1102 1076 1176 βωμολοχεύσαιτ’
1096 1105 1143 1178 (cf.
1162 1105 1235 1161 Nub.
1254 1109 1325 1174 970.)

481 1185 564 1242 αὐτὸς
584 1183 671 1245 δείξας
691 1182 719 1238 ἐν
739 1183 787 1256 [θ’]
807 1186 946 1258 ἁρμονίαις
964 1188 1065 1261 χιάζων
1083 1189 1100 1261 ί)
1120 1191 1271 1262 σιφνιάξων.

444 1270 503 1336 Qua
520 1269 549 1324 in
568 1270 760 1325 emendatione
773 1272 886 1340 placent
905 1273 1010 1339 omnia,
1029 1274 1214 1330 necessarium
1228 1278 1271 1330 est
1288 1275 1358 1328 illud
1376 1272 1414 1340 θ’,
1433 1274 1492 1329 sine

375 1373 427 1426 quo
445 1373 479 1410 ne
493 1357 566 1410 stare
580 1354 692 1423 quidem
709 1359 818 1411 verSum
837 1359 967 1426 apparet:
986 1373 1070 1427 quare
1088 1358 1140 1414 hoc
1159 1363 1234 1415 certe
1253 1360 1338 1415 etiam
1356 1360 1492 1428 Berghins

375 1442 422 1497 Ar.
439 1441 493 1510 frg.
510 1441 564 1494 inc.
585 1443 642 1494 102.
662 1457 688 1509 p.
709 1443 783 1494 1200.
801 1444 830 1496 et
857 1443 1017 1511 Bindorfius
1037 1442 1125 1497 Arist.
1143 1443 1243 1514 fragm.
1262 1448 1311 1498 558
1324 1461 1353 1513 p.
1372 1449 1421 1497 2213
1441 1445 1494 1510 (ed.

380 1528 466 1595 1867.)
485 1529 658 1594 receperunt.
696 1525 750 1580 Sed
769 1525 835 1595 qnid
844 1522 885 1581 'sit
903 1523 1049 1598 Σωκράτης
1069 1528 1202 1582 ὑποτείνει
1221 1529 1280 1598 ipse
1299 1529 1347 1599 qni
1366 1529 1494 1583 restituit

376 1609 497 1677 Toupins
521 1626 575 1664 non
600 1608 668 1663 satis
693 1610 1008 1681 perspexissevidetur.
1048 1612 1186 1678 Quantum
1200 1603 1204 1611 ⁸
1218 1629 1269 1682 ego
1297 1613 1391 1678 video,
1424 1613 1495 1668 nihil

379 1695 457 1748 aliud
484 1696 601 1765 possunt
627 1694 696 1748 haec
713 1695 869 1764 significare
889 1713 989 1766 quam:
1018 1697 1145 1752 Socrates
1164 1704 1305 1768 proponit,
1334 1715 1432 1767 nempe
1462 1699 1494 1752 ut

376 1779 493 1849 ζήτημα,
515 1779 604 1832 acutis
623 1780 794 1836 solvendum.
807 1781 874 1835 Fuit
884 1779 971 1849 igitur
982 1781 1057 1834 inter
1071 1775 1271 1840 ἐνστατικιίς
1292 1781 1339 1835 ille
1354 1783 1492 1837 Socrates.

376 1863 439 1917 Jam
464 1865 593 1930 apparet,
619 1863 744 1934 Didymi,
769 1865 813 1919 cni
842 1865 939 1935 procul
963 1865 1046 1920 dubio
1071 1867 1138 1922 haec
1162 1867 1310 1932 debemus,
1338 1867 1409 1921 hauc
1434 1868 1491 1920 fere

375 1948 462 2002 fuisse
488 1945 670 2001 sententiam:
702 1949 772 2002 ὥστε
801 1950 930 2004 λελύσθαι
954 1951 1002 2020 τὴν
1028 1947 1173 2022 Σωκράτας
1196 1953 1333 2022 πρότασιν·
1358 1951 1493 2004 ὑποτείνει

374 2033 443 2095 (sive
467 2032 614 2102 προτείνει)
632 2032 681 2104 γάρ
701 2029 730 2086 ἐν
754 2041 813 2093 τοῖς
826 2037 894 2107 πρὸς
913 2033 1044 2089 Είδάίίεον
1069 2035 1100 2087 τὸ
1119 2036 1236 2107 „pediam
1255 2037 1299 2088 καὶ
1323 2035 1491 2108 σιφνιάζειν“,

376 2119 413 2173 ὡς
430 2111 490 2186 παρ’
510 2111 699 2188 ’λριστοφάνει
709 2122 882 2189 τεταγμένον.
894 2119 936 2174 Of.
948 2120 1033 2174 schol.
1051 2120 1097 2174 Ar.
1117 2120 1282 2187 Thesmoph.
1302 2124 1377 2175 1175.
1396 2121 1496 2190 Neque

371 2199 442 2254 illud
460 2192 620 2266 obscurum,
644 2204 716 2258 unde
739 2219 834 2258 versus
858 2203 934 2259 illius
956 2204 1155 2276 Aristophanei
1182 2205 1334 2260 difficultas
1358 2209 1425 2260 nata
1443 2205 1491 2258 sit.

372 2285 453 2339 Lusit
482 2283 612 2340 nimirum
636 2287 838 2358 Aristophanes
860 2289 890 2342 in
912 2307 1011 2346 vocum
1035 2291 1138 2362 χιάζειν
1162 2292 1191 2344 et
1219 2289 1362 2360 σιφνιάζειν
1387 2289 1491 2359 ἀμφι-

373 2370 470 2440 βολίμ
490 2371 622 2440 quadam;
642 2389 710 2442 ques
729 2372 892 2442 pediccnum
911 2375 1054 2442 spurcitiis
1079 2373 1208 2429 notandis
1231 2375 1316 2443 vulgo
1333 2372 1490 2428 inserviisse

372 2458 516 2511 testantur
532 2456 689 2526 Hesychius
707 2457 822 2512 Photins
841 2456 881 2526 (Π
896 2461 944 2511 158
963 2458 1027 2528 Nb.)
1048 2459 1161 2514 Suidas:
1180 2460 1381 2530 Aristophanes
1398 2461 1491 2513 autern

372 2541 402 2594 in
418 2540 572 2596 Democriti
592 2546 621 2596 et
650 2540 831 2597 Theoxenidis
868 2542 936 2610 (sive
948 2541 1152 2609 Philoxenidis;
1180 2561 1244 2598 nam
1265 2546 1359 2598 utrum
1383 2541 1491 2598 Polluci

372 2627 529 2682 reddendus
552 2627 590 2681 sit
613 2626 801 2681 Theoxenides
819 2641 853 2679 an
878 2626 1073 2682 Philoxenides
1100 2627 1201 2683 Snidae
1226 2628 1306 2698 plene
1337 2628 1487 2682 incertum:
1595 2687 1598 2694 ⁴

373 2729 398 2768 v.
429 2713 578 2766 Metuentes
602 2728 670 2766 corn.
694 2728 733 2780 gr.
756 2712 770 2763 I
795 2714 826 2764 89
845 2729 871 2766 n.
895 2716 948 2781 40.)
973 2712 1134 2768 novationes
1157 2713 1309 2768 transtulit.
1344 2711 1403 2777 Quo
1425 2711 1488 2766 lusu

374 2799 403 2851 et
436 2797 548 2852 illorum
582 2796 611 2850 in
643 2800 703 2850 arte
732 2794 836 2851 musica
869 2797 1016 2852 mollitiem
1048 2797 1227 2852 acerbissime
1262 2795 1423 2866 castigavit,
1459 2798 1489 2849 et

375 2881 523 2937 salsissime
548 2881 661 2951 insuper
684 2880 816 2935 defricuit
837 2880 1040 2936 Democritum:
1072 2883 1116 2936 cui
1144 2883 1217 2953 quod
1247 2883 1361 2950 Eupolis
1385 2879 1489 2934 indidit

373 2968 447 3022 teste
472 2965 612 3036 Hesychio
636 2983 749 3020 nomen:
773 2963 882 3023 Βάστας
907 2966 953 3032 (cf.
983 2966 1129 3019 Meinelrius
1153 2982 1221 3023 com.
1244 2968 1274 3022 II
1297 2971 1347 3020 449
1372 2973 1434 3036 sq.),
1458 2963 1489 3016 id

374 3056 549 3107 monstrosae
568 3049 694 3105 lihidinis
713 3049 945 3118 significationem
963 3048 1131 3104 continuisse
1150 3068 1182 3106 ex
1204 3051 1337 3118 Lucieno,
1360 3048 1489 3105 Pseudol.

375 3141 480 3200 textu,
499 3135 611 3204 colligo.
631 3135 750 3204 Maligna
760 3134 846 3204 igitur
862 3135 942 3190 ludos
954 3133 1023 3188 fecit
1034 3133 1231 3202 Democritum,
1250 3137 1327 3191 cuius
1345 3151 1399 3189 nno
1409 3149 1490 3188 voea-

374 3221 439 3275 bulo
463 3220 554 3273 irrisit
577 3222 605 3272 et
628 3220 716 3272 artem
738 3235 864 3275 enervem
888 3223 917 3275 et
934 3236 1044 3288 pravam
1061 3217 1214 3274 libidinem.
1249 3219 1490 3275 Commentatores

375 3308 467 3360 autem
489 3304 604 3372 apparet
626 3317 680 3355 non
704 3303 770 3356 satis
794 3302 980 3371 perspexisse,
1006 3318 1058 3370 qua
1075 3303 1252 3372 potissimum
1270 3304 1299 3357 in
1316 3320 1345 3357 re
1363 3304 1489 3356 versetur

373 3386 538 3452 ludibrium;
573 3388 605 3440 ut
626 3387 693 3440 haec
714 3386 789 3441 inter
812 3387 956 3442 doctorum
978 3386 1118 3442 hominum
1141 3387 1253 3460 ἀπορίας
1270 3387 1369 3452 fuerit,
1403 3386 1489 3441 donec

373 3474 498 3528 eruditus
522 3471 623 3541 aliquis
648 3471 842 3540 grammaticus
866 3470 1103 3526 Praxidamentem
1134 3473 1234 3528 auxilio
1258 3476 1383 3532 vocaret,
1411 3471 1489 3526 cuius

373 3577 424 3630 ope
442 3558 560 3613 musicas
583 3555 728 3626 praecipue
752 3555 908 3611 Democriti
925 3556 1163 3626 Theoxenidisque
1182 3557 1342 3612 novationes
1368 3555 1490 3612 cavillari

373 3649 485 3717 poetam
509 3643 720 3699 demonstraret.
760 3641 822 3696 Jam
844 3657 908 3696 vcro
933 3644 1029 3696 labam
1053 3659 1126 3707 esse,
1151 3643 1198 3710 qui
1221 3642 1273 3695 hoc
1295 3642 1401 3712 primus
1427 3657 1489 3710 per-

372 3731 493 3802 spexerit
504 3733 534 3784 et
551 3727 581 3782 id
600 3728 673 3796 quod
692 3743 772 3796 supra
789 3726 920 3796 proposui
932 3730 1124 3795 argumentum
1143 3725 1254 3790 evincit,
1274 3730 1302 3780 et
1319 3727 1382 3781 ideo
1401 3725 1490 3795 magis

374 3817 458 3870 etiem
482 3812 613 3868 credibile
633 3814 676 3866 est
704 3812 768 3880 quia
785 3811 860 3865 illius
883 3811 1039 3866 eruditione
1076 3810 1159 3865 etiam
1191 3810 1221 3864 in
1256 3811 1367 3866 Seleuci
1400 3810 1491 3878 aliqua

373 3899 501 3973 προτάσει
520 3897 650 3951 solvenda
668 3913 733 3949 usus
750 3898 794 3950 est
818 3895 964 3964 Didymus;
982 3912 1007 3950 v.
1026 3894 1110 3950 schol.
1129 3895 1215 3950 Arist.
1233 3896 1343 3951 Thesm.
1364 3900 1438 3951 1175.
1457 3926 1491 3935 -

372 3983 611 4040 Praxidamantem
637 3981 716 4034 illum
740 3984 898 4050 scriptorem
916 3979 1001 4035 luisse
1019 3980 1155 4035 musicum
1171 3980 1233 4049 jure
1252 3983 1346 4035 censet
1363 3978 1490 4044 Jonsius;

374 4071 418 4126 cui
441 4086 496 4125 non
519 4065 637 4122 debebat
659 4063 772 4133 obloqui
797 4067 942 4120 Muellerus
964 4063 1031 4121 hist.
1056 4081 1097 4135 gr.
1120 4064 1150 4118 II
1173 4065 1232 4120 285.
1256 4064 1330 4118 Num
1353 4064 1428 4119 idem
1451 4063 1490 4117 sit

374 4160 457 4227 etque
475 4155 499 4208 is
516 4151 552 4207 ad
569 4167 650 4221 quem
674 4152 766 4204 totum
789 4164 858 4218 opus
882 4139 990 4204 misisse
1008 4149 1205 4204 Aristoxenum
1224 4147 1366 4217 significat
1383 4149 1491 4217 Harpo-

375 4241 481 4296 cration
500 4257 523 4298 s.
536 4233 676 4294 Μουσαῖος
694 4238 765 4303 (nam
789 4233 859 4288 hanc
882 4251 941 4290 esse
959 4233 1037 4289 illius
1053 4233 1132 4288 tituli
1150 4231 1413 4304 ,,ΠραΕιδαμαντεῖα’ι
1429 4247 1490 4286 seu·

374 4325 492 4379 tentiam
509 4325 591 4394 putc;
610 4321 646 4378 cf.
659 4321 693 4375 de
712 4317 849 4374 similibus
867 4320 1014 4373 Meiaelcias
1031 4318 1100 4373 anal.
1121 4318 1198 4372 Alex.
1211 4334 1238 4387 p.
1258 4320 1300 4386 16)
1313 4333 1367 4371 non
1379 4333 1491 4386 prorsus

377 4412 480 4463 certum
504 4411 560 4474 est,
585 4406 633 4461 sed
657 4403 780 4474 pluribus
804 4403 838 4458 de
858 4402 961 4458 caussis
978 4403 1037 4458 veri
1056 4403 1237 4457 simillimum.
1276 4399 1405 4456 Ceterum
1424 4401 1490 4470 quid
