3344 5126
729 380 768 445 21

184 569 219 635 in
239 571 317 637 libri
338 573 412 634 noni
433 564 637 649 praefatione
666 566 700 628 in
728 570 865 642 Gorpr'ce
888 583 922 626 se
953 561 1181 627 onomasticon
1209 565 1306 626 11111

186 677 252 744 sihi
273 677 475 760 incognitum
496 695 601 758 nuper
621 675 779 741 incidisse
809 673 873 738 ait:
904 671 991 753 quod
1013 690 1077 752 quo
1101 671 1178 754 jure
1200 665 1305 752 ὀλίγου

186 788 280 869 λόγου
309 786 400 852 dicat
427 785 622 851 fastidiosus
653 782 805 868 sophista
833 802 893 848 nos
921 780 1103 860 nescimus;
1136 780 1171 844 id
1197 786 1308 844 tamen

185 895 264 962 hinc
285 896 481 962 concludere
495 896 583 977 licet,
606 893 767 961 eiusmodi
782 891 987 957 onomastica
1001 888 1093 955 illum
1115 890 1308 974 inspexisse.

185 1005 261 1072 Jam
275 1006 310 1070 in
325 1012 437 1071 decimi
450 1006 529 1072 libri
542 1003 749 1089 praefatione
772 1024 807 1068 se
824 1005 1039 1066 Eratosthenis
1062 997 1309 1083 Σκευογραφικόν

105 1199 106 1202 ¹
186 1137 251 1182 non
274 1117 343 1181 sine
365 1116 480 1182 labore
504 1115 569 1181 sibi
592 1112 835 1198 comparavisse
862 1111 962 1176 dicit:
986 1112 1026 1180 ὡς
1050 1105 1074 1172 δ’
1101 1109 1188 1194 εὖρον
1211 1108 1308 1191 μόλις,

186 1226 302 1309 inquit,
325 1226 413 1290 οὐδὲν
435 1221 522 1308 εἶχεν
544 1226 587 1288 ὧν
608 1223 744 1307 ἤλπιζον.
794 1221 881 1287 (lave
907 1221 1071 1286 10111111
1094 1226 1204 1284 vertas
1227 1218 1309 1282 Era·

187 1335 346 1416 tostheni,
369 1334 561 1402 doctissimo
584 1331 816 1416 grammatico:
839 1352 916 1396 nam
938 1330 1019 1414 quid
1039 1330 1156 1395 Pollux
1178 1327 1310 1412 quaesi-

184 1445 269 1510 verit
292 1445 366 1527 quis
389 1444 501 1509 dicat?
537 1442 634 1508 Certe
657 1441 869 1508 doctissimos
891 1441 1140 1522 uberrimosque
1162 1444 1308 1504 veterum

187 1551 484 1619 Alexandrinorum
513 1553 766 1618 commentarios
794 1570 859 1614 101
883 1549 1074 1632 quaerebat.
1129 1548 1194 1614 Sed
1223 1568 1310 1613 oom-

186 1663 366 1729 1111111101
390 1653 537 1745 singulas
560 1661 649 1727 docti
672 1666 855 1745 apparatus
885 1665 999 1744 partes
1022 1659 1191 1724 commode
1222 1679 1309 1722 oom-

186 1773 299 1856 plexos
315 1794 389 1838 eum
405 1770 626 1856 acquisivisse
641 1776 790 1854 apparet.
819 1769 972 1836 Ceterum
988 1773 1204 1834 Eratosthenis
1216 1768 1310 1832 illum

186 1881 307 1947 librum
329 1881 470 1948 eundem
492 1903 566 1948 esse
589 1881 645 1964 qui
662 1881 705 1947 ab
728 1881 804 1945 aliis
823 1875 1093 1964 Ἀρχιτεκτονικός
1117 1878 1308 1963 appelletur,

186 1997 220 2058 et
241 1993 404 2058 adnexum
424 1992 528 2057 fuisse
550 1991 659 2073 amplo
683 1985 753 2074 περὶ
776 1987 911 2073 ἀρχαίοις
935 1988 1098 2073 κωμῳδίας
1120 1987 1212 2072 operi
1234 2008 1310 2071 pro·

185 2101 307 2168 babilis
330 2109 382 2168 est
396 2105 597 2182 Bernhardyt'
618 2101 807 2185 conjectura
823 2098 1049 2183 (Eratosthen.
1071 2121 1103 2182 p.
1126 2103 1197 2163 204.
1212 2097 1308 2180 205).

185 2211 235 2276 Ex
250 2212 364 2278 eodem
379 2201 481 2294 igitur
495 2211 582 2276 libro
597 2209 720 2274 hausta
735 2229 807 2274 esse
822 2215 900 2292 puto
919 2228 1004 2290 quae
1019 2206 1063 2272 ad
1077 2205 1308 2273 Eratosthenis

187 2317 257 2406 περί
279 2323 442 2406 κωμῳδίας
470 2319 723 2388 commentarios
752 2319 854 2384 refert
882 2316 997 2382 Pollux
1018 2317 1049 2381 X
1071 2319 1120 2396 60,
1142 2324 1176 2382 11
1195 2315 1311 2381 licebit

188 2453 268 2496 sane
290 2431 464 2515 suspicari,
485 2432 519 2495 in
534 2429 662 2496 decimo
686 2429 803 2494 saltem
817 2427 961 2492 Pollucis
982 2427 1068 2492 libro
1091 2427 1188 2510 plura
1210 2425 1310 2490 etiam

187 2541 297 2605 inesse
318 2561 403 2622 quae
417 2537 630 2604 Eratostheni
652 2537 709 2602 ille
732 2537 924 2603 subturatus
948 2537 1001 2601 sit.
1043 2535 1082 2599 In
1098 2534 1217 2600 ceteris
1232 2555 1309 2599 vero

188 2647 284 2714 libris
314 2649 487 2731 quominus
517 2646 749 2714 Eratosthenis
778 2645 988 2712 doctissimas
1017 2645 1309 2730 commentationes

190 2779 211 2822 a
233 2757 366 2823 Polluce
390 2758 558 2824 adhibitas
580 2777 653 2822 esse
682 2756 876 2837 credamus,
907 2761 1057 2822 vetamur
1079 2755 1153 2840 ipsa
1181 2754 1240 2819 illa
1269 2755 1309 2820 de

188 2889 254 2951 qua
276 2867 372 2933 modo
396 2867 463 2934 dixi
492 2865 611 2933 decimi
638 2866 716 2933 libri
736 2866 1017 2952 praefatiuncula3
1045 2885 1111 2948 qua
1133 2865 1197 2930 hoc
1221 2870 1319 2930 certe.

187 2977 358 3059 evincitur,
380 2977 414 3040 11
437 2977 557 3042 ceteris
578 2976 674 3042 libris
691 2976 938 3043 conscribendis
954 2997 995 3040 ne
1008 2974 1161 3040 notitiam
1177 2974 1310 3057 quidem

186 3086 356 3153 utilissimi
371 3085 601 3152 Eratosthenis
622 3085 701 3151 libri
722 3085 882 3150 habuisse
897 3090 1056 3150 nostrum.
1092 3083 1210 3151 Posset
1224 3084 1310 3149 enim

188 3197 272 3262 hanc
296 3197 330 3263 in
352 3196 538 3282 opinionem
561 3216 600 3260 11
623 3217 659 3260 11
674 3195 796 3278 aliquis
811 3195 933 3278 induci,
957 3194 1044 3277 quod
1059 3194 1103 3259 ad
1117 3192 1310 3260 Eratosthe-

186 3327 261 3371 nem
282 3306 393 3372 videet
417 3311 649 3388 provocantem
671 3305 837 3372 Pollucem
856 3305 872 3370 I
898 3312 956 3372 145
980 3303 1049 3389 (Er.
1073 3302 1113 3369 de
1136 3323 1217 3368 com.
1240 3303 1310 3370 fr.1

187 3439 218 3499 p.
241 3421 302 3482 205
317 3414 461 3500 Bcrnh.),
484 3422 517 3480 et
537 3414 634 3498 longe
655 3437 732 3481 vero
755 3414 865 3500 plures
889 3414 923 3479 in
938 3413 1082 3481 Pollucis
1106 3414 1309 3480 onomastico

187 3529 298 3590 extare
313 3525 404 3589 locos
420 3523 667 3607 animadvertat,
690 3524 758 3605 ubi,
779 3524 882 3590 tacito
899 3526 1045 3590 auctoris
1066 3522 1205 3603 nomine,
1228 3522 1310 3587 Era-

186 3633 373 3699 tosthenica
394 3635 597 3716 praebeatur
620 3634 781 3698 doctrina.
825 3633 903 3698 Tria
930 3632 1119 3698 adscribam
1149 3633 1306 3717 exempla.

187 3910 269 3963 quem
287 3894 360 3964 apud
377 3897 537 3949 Athenaeum
556 3896 614 3950 XII
632 3900 681 3950 516
701 3897 722 3952 O
741 3897 860 3966 legimus
883 3894 963 3950 valde
983 3893 1101 3950 demiror
1119 3896 1213 3952 omitti
1231 3899 1308 3950 Arte-

186 3981 286 4032 midori
303 3994 402 4032 nomen
425 3978 638 4035 nobilissimum.
677 3981 747 4035 Vide
770 3981 858 4051 igitur
879 3997 943 4036 num
966 3980 1038 4034 forte
1063 3985 1147 4050 ipsum
1171 3981 1222 4034 illo
1247 3979 1308 4034 loco

187 4063 383 4116 Artemidorum
400 4062 560 4131 loquentem
579 4063 731 4119 audiamus.
760 4064 935 4120 Artemidoro
955 4067 1088 4132 quantum
1107 4062 1308 4118 1111111111-

187 4158 361 4210 111111111
385 4146 508 4201 divinare
536 4149 646 4201 tantum
677 4165 836 4218 possumus;
867 4149 916 4203 sed
939 4147 1087 4215 plurimum
1113 4165 1176 4201 sane
1201 4146 1235 4200 ab
1258 4146 1311 4200 illc

188 4231 342 4284 mutuatum
367 4247 427 4285 esse
446 4230 702 4299 deipnosophistsm
722 4233 768 4302 qui
786 4225 868 4287 huius
885 4232 955 4285 loci:
980 4230 1062 4284 15B
1082 4232 1205 4286 rationes
1223 4231 1308 4302 probe

188 4311 404 4370 consideraverit
422 4314 505 4370 facile
522 4314 667 4384 largietur.
