3344 5126
728 432 768 491 75

195 609 304 693 igitur,
329 610 379 676 vel
394 610 510 676 Iubam
525 612 650 696 potius,
673 611 736 678 hac
753 632 885 697 quoque
900 611 934 676 in
956 634 991 677 re
1008 613 1130 679 bonum
1143 616 1314 678 auctorem

195 713 352 787 accurate
376 728 525 788 secutum
549 743 622 789 esse
645 743 842 808 persuasum
867 722 978 803 habea,
1002 729 1036 788 et
1059 720 1157 787 talem
1182 722 1314 806 quidem

196 832 252 915 qui
283 842 355 896 ante
385 836 585 898 Timosthenis
613 845 746 900 aetatem
775 832 905 898 vixerit:
934 834 974 898 de
1003 831 1177 897 Heraclide
1208 831 1313 915 siquis

198 943 395 1025 cogitaverit
416 964 467 1008 me
490 949 578 1008 certe
601 966 665 1010 non
691 944 942 1010 dissentientem
965 941 1109 1008 habebit.
1118 942 1142 1026 ¹)

281 1053 350 1117 Iam
374 1075 548 1136 possemus
566 1054 704 1120 missum
720 1054 828 1120 facere
843 1053 973 1135 Iubam;
996 1053 1060 1119 nisi
1076 1073 1143 1118 una
1159 1051 1313 1135 quaestio

196 1168 342 1228 restaret
364 1163 407 1229 ad
430 1163 598 1230 Pollucem
616 1165 748 1248 quidem
763 1165 873 1229 minus
896 1185 935 1228 ea
957 1163 1126 1246 pertinens
1151 1181 1249 1244 quam
1271 1159 1315 1224 ad

197 1273 307 1356 ipsum
331 1272 419 1354 regis
442 1270 607 1340 Maurusii
630 1297 725 1360 opus.
768 1274 909 1354 Etenim,
931 1273 987 1357 qui
1010 1272 1231 1358 septendecim
1254 1278 1315 1336 aut

124 1409 129 1418 ·
197 1381 309 1467 plures
332 1382 446 1470 ade02)
470 1384 632 1470 θεατρικῆς
656 1381 788 1470 ἱστορίας
810 1385 914 1450 libros
935 1382 1093 1461 condidit,
1115 1402 1231 1447 eumne
1253 1402 1315 1464 pu·

200 1491 344 1558 labimus
366 1493 400 1557 in
430 1501 615 1578 apparatus
647 1495 789 1561 scaenici
812 1495 1022 1560 enarratione
1050 1493 1314 1575 histrionumque

197 1602 389 1668 actionibus
420 1603 646 1672 describendis
676 1603 879 1685 substitisse,
908 1625 1012 1688 neque
1038 1603 1208 1669 scaenicae
1231 1602 1314 1667 artis

198 1712 307 1778 varios
333 1733 532 1796 progressus
554 1723 796 1799 poetarumque
820 1716 1045 1781 scaenicorum
1065 1714 1238 1781 historiam
1261 1713 1316 1777 de-

200 1823 370 1889 lineasse?
391 1825 494 1891 Immo
517 1824 601 1890 hanc
623 1847 756 1910 quoque
774 1827 884 1910 justae
900 1821 1031 1909 ἱστορίας
1054 1824 1217 1909 θεατρικῆς
1239 1846 1317 1909 par-

202 1941 267 1998 tem
279 1936 465 2018 amplexum
487 1957 561 2001 esse
576 1957 683 2019 regem
707 1936 989 2019 πολυμαθέστατον,
1012 1934 1091 2000 mibi
1108 1933 1207 1999 etiam
1230 1935 1315 1999 citra

201 2043 390 2110 testimonia
412 2066 571 2129 perquam
595 2047 750 2113 credibile
772 2046 911 2113 videtur.

282 2153 399 2220 Paullo
416 2156 635 2223 confidentius
659 2157 698 2223 de
721 2157 844 2222 aliare
867 2158 908 2223 ab
932 2179 971 2224 ea
987 2178 1087 2242 quam
1109 2155 1205 2222 modo
1222 2155 1317 2238 tetigi

201 2287 264 2332 non
280 2285 419 2348 prorsus
433 2265 550 2345 aliena,
562 2263 714 2349 judicare
728 2265 821 2346 licet;
837 2266 1016 2332 illustrium
1030 2266 1103 2332 dico
1115 2265 1316 2332 musicorum

200 2373 463 2458 histrionumque
476 2376 675 2458 memoriam,
691 2397 789 2460 quam
801 2399 821 2441 a
832 2377 917 2443 Iuba
936 2398 1001 2442 non
1016 2375 1198 2458 neglectam
1211 2377 1316 2460 στοαί)

200 2505 239 2550 ex
260 2485 417 2551 tenuibus
441 2485 641 2572 quibusdam
663 2485 803 2569 indiciis,
827 2486 885 2553 sed
907 2487 940 2550 in
963 2507 999 2551 re
1020 2507 1079 2570 per
1103 2508 1225 2553 senon
1249 2485 1316 2552 veri

205 2595 355 2661 dissimili
389 2595 517 2662 idoneis
549 2595 684 2678 college.
727 2596 825 2681 Apud
865 2595 1070 2662 Athenaeum
1105 2596 1200 2673 enim,
1238 2595 1316 2661 VIII

205 2711 265 2772 343
296 2707 320 2770 F
350 2706 554 2790 exscriptum
581 2706 702 2788 legitur
729 2727 769 2772 ex
796 2708 970 2772 Amaranti
999 2706 1068 2791 περὶ
1097 2711 1209 2791 σκηνῆς
1232 2704 1316 2770 libro

199 2824 296 2884 lubae
330 2817 532 2900 epigramma
565 2814 605 2880 de
639 2816 786 2883 Leonteo
821 2817 950 2898 Argivo,
984 2817 1147 2885 histrione
1175 2815 1317 2896 tragico;

201 2928 292 3014 quod
322 2948 396 2993 cum
423 2934 522 3010 possit
549 2926 682 3011 quidem
710 2926 844 2992 aliunde
871 2928 1011 3011 petitum
1042 2948 1131 3010 esse,
1161 2949 1201 2993 ex
1227 2927 1317 2993 illiue

202 3047 312 3106 tamen
344 3035 461 3123 ἱστορίᾳ
497 3037 645 3122 θεατρικῇ
679 3042 848 3121 sumptum
877 3058 952 3102 esse
979 3037 1118 3102 maxime
1148 3036 1319 3122 probabile

201 3157 262 3217 est.
310 3151 349 3215 In
379 3149 434 3216 illo
463 3150 548 3215 enim
571 3145 661 3233 cept
691 3153 837 3233 σκηνῆς
874 3168 973 3230 opere
1001 3168 1175 3232 quemnam
1203 3147 1316 3228 potius

272 3338 297 3404 ll
313 3333 360 3391 Ἐν
379 3337 504 3410 παρέργῳ
525 3351 627 3398 moneo,
647 3334 730 3390 etiarn
749 3331 778 3386 in
796 3333 879 3390 schol.
904 3333 990 3389 Vatic.
1014 3334 1107 3404 Eurip.
1133 3333 1235 3389 Alceet.
1256 3335 1315 3388 968.

201 3426 254 3480 vol.
272 3423 312 3478 IV
333 3440 361 3492 p.
385 3422 435 3473 114
456 3418 545 3484 Diod..
570 3419 617 3474 ubi
642 3419 675 3474 de
693 3417 796 3487 Orphei
815 3418 841 3470 ἐν
861 3418 957 3472 σανίσιν
977 3419 1143 3491 ἀναγραφαῖς
1162 3418 1317 3488 disputasse

202 3511 328 3563 narratur
342 3503 523 3577 Ἡρακλείδης
551 3503 696 3571 θφυσικός,
732 3504 847 3558 fortasse
880 3520 933 3557 non
962 3491 1144 3575 Ἡράκλειτος
1167 3502 1180 3555 θ
1206 3502 1317 3574 φυσικός

202 3592 376 3648 scribendum
394 3605 455 3644 esse
473 3603 533 3641 cum
551 3581 653 3640 Cobeto
682 3589 712 3641 et
728 3587 855 3657 Bergkio,
890 3586 999 3641 Ersehii
1025 3585 1197 3655 GruberIque
1216 3585 1316 3655 encyol.

203 3697 223 3734 s.
242 3679 256 3732 Ι
279 3679 332 3731 rol.
359 3672 473 3730 LXXXI
496 3690 522 3742 p.
546 3672 596 3724 319
621 3671 670 3726 sed
701 3668 871 3743 Ηρακλείδης
895 3671 907 3724 ὁ
927 3668 1068 3735 Ποντικός,
1091 3687 1172 3740 quem
1190 3672 1315 3726 veterum

204 3763 362 3835 ἀναγραφῶν
380 3759 515 3813 curiosum
529 3756 614 3811 fuisse
627 3753 727 3809 scimus
739 3755 937 3825 indagatorem,
951 3771 1086 3825 quemque
1100 3753 1203 3824 Orphei
1216 3753 1317 3810 menti-

202 3863 281 3902 onem
298 3845 395 3901 lecisse
413 3843 442 3896 in
460 3844 600 3914 σοναγονρῆ
620 3849 674 3894 τῶν
692 3841 719 3893 ἐν
738 3839 839 3911 perrupi
858 3845 963 3895 certum
982 3842 1036 3896 est.

270 3931 297 4000 2)
325 3929 401 3995 Quod
426 3927 520 3991 credo;
545 3943 606 3980 nam
636 3927 781 3982 admodum
811 3942 871 3979 rara
900 3928 964 3980 sunt
992 3942 1101 3995 operum
1132 3923 1317 3995 septendecim

200 4014 280 4070 libris
303 4015 548 4069 consummatorum
580 4011 711 4082 exempla.
753 4011 913 4080 Quanquam
940 4013 970 4065 et
1000 4010 1099 4066 Strabo
1132 4008 1316 4080 septendecim

202 4097 402 4170 Γεωιρραφικῶν
420 4097 506 4152 libros
524 4097 641 4167 scripsit,
660 4099 688 4150 et
705 4095 820 4151 totidem
838 4095 923 4149 libros
941 4097 1079 4164 complexa
1103 4097 1147 4150 est
1165 4091 1319 4148 Philochori

203 4183 298 4238 Atthis
317 4184 419 4255 (Suid.)
436 4182 598 4252 Arrianique
618 4181 684 4236 belli
701 4178 821 4235 Parthici
839 4179 955 4233 historia
979 4180 1072 4248 (Phot.
1089 4178 1155 4234 bibl.
1174 4178 1216 4234 cd.
1231 4180 1283 4241 58.)

271 4273 297 4333 3)
315 4268 377 4322 Non
395 4267 483 4337 magis
502 4282 583 4335 quam
601 4285 617 4321 a
635 4265 763 4321 Suetonio
781 4264 810 4317 in
828 4262 912 4317 simili
926 4263 959 4317 de
972 4264 1076 4318 ludicra
1097 4263 1212 4320 historia
1224 4278 1318 4334 opere:

205 4354 239 4410 cl.
258 4353 341 4408 schol.
360 4355 426 4410 Hor.
444 4354 495 4410 sat.
513 4351 527 4408 I
545 4358 568 4421 7,
588 4351 621 4402 20
639 4351 726 4421 (Suet.
744 4368 769 4424 p.
789 4351 846 4410 280,
865 4347 897 4398 33
916 4348 1007 4417 Roth.)
