3344 5126
891 389 934 450 90

436 570 586 654 Denique
615 569 650 634 id
672 590 806 653 quoque
828 570 1020 652 notandum,
1056 570 1146 655 quod
1173 593 1246 638 eum
1275 593 1372 658 quem
1403 574 1476 657 ipse

352 679 461 764 Rufus
478 679 677 748 observasse
700 679 832 747 videtur
849 701 966 750 sanum
986 680 1022 746 in
1040 679 1182 764 ‚singulis
1204 682 1393 750 nominibus
1411 683 1477 751 col·

351 790 501 858 locandis
532 788 688 877 ordinem,
717 790 835 858 Pollux
855 790 954 875 plane
976 790 1139 872 turbavit3
1161 790 1249 857 unde
1271 798 1306 858 et
1334 793 1401 862 alia
1427 793 1476 859 in-

353 900 525 968 commoda
553 907 629 974 orta
657 905 737 968 sunt
764 904 798 967 et
825 899 1041 982 factumest,
1073 906 1113 967 ut
1146 902 1311 986 quaedam
1342 903 1477 972 nomina

351 1009 483 1078 duobus
505 1010 589 1077 locis
611 1010 803 1078 necessario
826 1011 1113 1078 commemoranda
1134 1018 1247 1078 essent
1262 1018 1302 1079 ut
1323 1012 1475 1100 μετάφρε-

351 1143 401 1184 νον
423 1126 451 1203 ξ.
478 1126 537 1188 136
560 1127 595 1189 ct
618 1128 687 1200 177,
715 1121 847 1204 πλευραί
872 1123 890 1208 ξ
914 1125 1030 1188 16501
1055 1126 1124 1204 181,
1148 1119 1294 1188 ἐπίπλοον
1316 1125 1334 1210 ξ
1357 1129 1417 1190 212
1441 1132 1475 1192 et

352 1235 422 1312 224,
445 1231 617 1316 παρίσθμια
638 1231 659 1316 ἥ
683 1228 822 1302 ἀντιάδες
844 1232 862 1317 ξ
886 1234 927 1299 98
951 1236 984 1296 et
1006 1235 1048 1296 20
1071 1237 1134 1299 cet.
1190 1221 1194 1232 ¹

434 1341 542 1409 Rufus
570 1361 648 1410 vero
675 1340 747 1426 ipss
769 1341 891 1425 quibus
913 1340 1061 1409 lontibus
1086 1339 1272 1410 doctrinam
1295 1363 1390 1412 suam
1417 1342 1473 1409 de·

348 1451 443 1531 beat,
477 1452 629 1535 quamvis
652 1457 685 1518 et
700 1451 794 1518 utilis
817 1452 971 1537 quaestio
995 1452 1039 1518 sit
1066 1473 1173 1536 neque
1194 1453 1301 1534 nimis,
1326 1457 1364 1519 ut
1383 1459 1475 1538 puto,

351 1560 504 1639 difficilis,
529 1561 719 1628 solvendam
740 1567 850 1628 tamen
874 1562 922 1630 eis
945 1562 1029 1629 hanc
1056 1562 1250 1649 relinquam,
1273 1564 1385 1649 quiin
1406 1583 1473 1628 me-

351 1673 434 1740 dicis
464 1674 564 1741 rebus
593 1671 754 1756 librisque
776 1673 884 1738 minus
908 1694 1008 1757 quam
1031 1693 1091 1755 ego
1113 1673 1264 1758 hospites
1281 1673 1356 1740 sint.
1400 1673 1471 1739 Hoc

349 1805 426 1850 vero
449 1785 522 1868 ipse
546 1783 746 1873 significabo,
768 1781 872 1848 videri
896 1781 990 1848 illum
1012 1783 1171 1867 pleraque
1194 1789 1328 1866 vegetae
1351 1781 1470 1849 debere

351 1913 438 1976 quae
476 1894 510 1958 in
548 1892 632 1977 ipsis
666 1891 866 1959 medicorum
902 1891 1024 1960 scholis
1061 1894 1252 1960 traderetur
1291 1895 1471 1963 doctrinae.

349 2001 456 2068 Multa
478 2023 517 2068 ex
538 2007 704 2084 Herophili
716 2001 812 2068 libris
837 2001 993 2086 sumpsit,
1015 2008 1190 2086 praeterea
1211 2005 1335 2072 multos
1357 2005 1473 2070 laudat

349 2113 519 2197 bonosque
542 2119 710 2195 auctores,
737 2133 876 2196 quorum
906 2117 1085 2193 Dionysium
1105 2107 1281 2197 Ὀξυμάχου
1310 2113 1374 2196 ipsi
1397 2133 1471 2179 esse

348 2222 536 2307 inspectum
559 2243 599 2287 ex
620 2242 660 2286 ea
682 2241 750 2305 qua
765 2221 837 2286 eius
853 2221 957 2288 libros
972 2243 1004 2305 p.
1020 2226 1060 2287 42
1085 2229 1321 2290 commemorat
1342 2223 1470 2290 ratione

349 2339 500 2417 apparet.
539 2319 673 2398 Ceteros
688 2352 766 2396 num
781 2332 855 2417 ipse
878 2352 990 2398 omnes
1006 2333 1189 2399 versaverit
1205 2330 1336 2412 dubito;
1359 2333 1470 2416 potuit

347 2443 432 2507 enim
449 2442 552 2508 multa
567 2442 757 2508 testimonia
781 2463 821 2507 ex
836 2440 912 2506 aliis
929 2441 1143 2508 onomasticis
1164 2441 1343 2524 sublegere.
1386 2442 1415 2507 N
1417 2464 1469 2508 am

347 2551 411 2617 hoc
427 2551 561 2635 quidem
578 2553 662 2620 satis
679 2560 807 2620 certum
830 2557 890 2632 est,
914 2552 1078 2636 quaedam
1093 2559 1181 2618 certe
1197 2551 1318 2618 Rufum
1336 2575 1468 2638 quoque

347 2683 387 2726 ox
415 2663 579 2727 communi
607 2665 751 2730 omnium
777 2662 1093 2747 glossographorum
1116 2683 1203 2748 penu
1227 2663 1469 2747 desumpsisse3

347 2772 447 2839 veluti
464 2793 538 2838 cum
558 2773 645 2840 Rufo
668 2796 699 2858 p.
723 2779 763 2840 28
777 2771 873 2859 (κίων,
889 2775 1073 2858 γαργαρεὼν,
1090 2773 1230 2858 σταφυλὴ
1248 2772 1337 2854 [Poll.
1360 2773 1378 2856 ξ
1402 2774 1468 2857 99])

346 2882 386 2950 of.
403 2883 513 2950 Orion.
529 2905 560 2967 p.
583 2889 632 2964 81,
663 2888 768 2948 4-10
783 2883 838 2971 (ex
854 2884 1007 2961 Sorano;)
1030 2904 1103 2948 cum
1126 2884 1162 2948 R.
1186 2906 1217 2968 p.
1242 2890 1281 2950 56
1305 2904 1354 2965 sq.
1377 2883 1467 2968 (παρ-

346 2993 461 3077 ίσθμια,
490 2993 627 3065 ἀντιάδες
656 2995 747 3080 [Poll.
771 2995 789 3079 ἕ
811 2999 860 3060 98.
882 2995 981 3079 201.])
1005 2993 1045 3058 cf·
1069 2991 1232 3078 01·ion.p.
1259 2997 1328 3073 129,
1353 2997 1391 3058 18
1414 2992 1467 3076 (ex

345 3103 501 3189 Sorano);
528 3125 601 3170 cum
629 3105 665 3171 R.
695 3126 726 3188 p.
749 3108 789 3171 29
813 3103 949 3192 (aidum
970 3102 1063 3189 [Poll.
1086 3103 1111 3186 ξ.
1138 3103 1226 3188 14Ι])
1255 3101 1465 3169 elmodan.

343 3235 372 3296 p.
404 3220 454 3293 84,
485 3216 531 3292 12,
565 3235 717 3299 quosque
739 3214 785 3281 ibi
807 3214 926 3280 laudat
947 3213 1123 3293 Kleinius;'
1149 3234 1222 3277 cum
1245 3211 1281 3276 R.
1305 3235 1337 3296 p.
1369 3217 1408 3278 38
1434 3212 1465 3294 (ἡ

343 3319 427 3384 κάτω
458 3322 572 3404 κοιλία,
603 3323 734 3407 νειαίρη,
764 3327 861 3388 κῶλον
890 3324 982 3410 [Poll.
1012 3326 1030 3408 ξ
1057 3324 1155 3409 209.])
1188 3321 1226 3388 cf.
1256 3323 1404 3389 Erotion.
1431 3343 1463 3406 p.

343 3435 393 3510 97,
416 3436 444 3496 9.
465 3469 507 3482 -

428 3542 493 3608 Sed
518 3527 570 3606 his
599 3542 638 3606 de
667 3548 766 3610 rebus
792 3543 970 3626 peritiores
1000 3542 1143 3608 videant.
1181 3541 1264 3606 ·Hoc
1285 3561 1336 3607 me
1365 3560 1462 3624 spero

342 3655 490 3734 evicisse,
517 3653 550 3717 in
581 3653 725 3718 secundo
756 3659 844 3719 certe
870 3651 955 3719 libro
989 3651 1284 3734 Peripateticorum
1317 3671 1397 3717 sane
1424 3650 1462 3715 li·

342 3764 421 3829 bros
445 3770 503 3829 aut
530 3762 608 3827 nihil
632 3764 763 3830 omnino
787 3767 846 3828 aut
867 3783 1027 3846 perquam
1050 3761 1167 3841 exigua
1189 3760 1316 3827 Polluci
1339 3762 1461 3828 submi·

341 3875 514 3939 nistrasse.
