3344 5126
738 423 776 484 81

285 604 396 670 Unum
424 603 457 666 in
487 601 551 668 fine
584 601 773 668 addendum
795 609 857 668 est.
909 602 1055 669 Solidam
1084 622 1184 687 quam
1205 602 1240 667 in
1271 623 1321 668 re·

200 736 275 780 rum
298 711 524 781 scaenicarum
545 715 757 780 enarratione
770 734 852 797 prae
875 734 910 779 se
925 713 991 778 fert
1005 712 1121 779 Pollux
1136 712 1321 780 doctrinam

199 831 300 889 Juboe
328 829 501 907 acceptam
526 823 718 908 retulimus3
745 829 855 890 restat
883 829 922 889 ut
942 822 1144 899 indicemus,
1165 822 1254 889 unde
1280 843 1320 887 ea

200 933 363 1015 hauserit,
403 954 490 1016 quae
520 955 586 1001 nou
616 940 683 1000 tam
717 934 760 1000 ad
793 933 1032 1018 antiquitatum
1063 933 1320 1002 illustrationem

202 1049 364 1128 spectant,
385 1065 486 1127 quarn
508 1042 552 1109 ad
568 1043 730 1110 sermonis
752 1043 936 1127 elegantias
958 1042 1169 1126 excolendas3
1190 1066 1320 1126 anony-

199 1176 319 1220 morum
342 1154 416 1220 dico
439 1152 659 1236 collectiones,
687 1175 797 1221 rerum
827 1153 1043 1239 descriptioni
1069 1154 1196 1239 passim
1218 1154 1321 1220 inter-

201 1265 330 1331 mistae.
375 1266 425 1330 Ex
439 1262 582 1329 historia
597 1264 754 1330 theatrali
778 1264 859 1348 quin
882 1264 963 1330 talia
985 1264 1119 1330 haurire
1136 1265 1322 1348 nequiverit

199 1374 320 1441 nemini
335 1374 472 1440 dubium
487 1375 559 1440 erit
601 1377 721 1458 Ipsene
742 1374 817 1440 illas
840 1395 938 1440 voces
954 1369 1178 1458 conquisivit?
1199 1374 1319 1441 Nullus

161 1506 165 1515 ·
199 1486 307 1552 credo.
347 1486 460 1564 Immo,
482 1484 576 1548 utin
604 1484 704 1551 rebus
732 1484 927 1550 enarrandis
957 1491 1105 1551 veterum
1133 1488 1322 1568 grammati·

199 1617 315 1664 corum
330 1595 624 1663 commentationes
639 1594 805 1677 expilavit,
826 1597 876 1661 ita
898 1616 1078 1680 synonyma
1092 1595 1149 1661 illa
1160 1596 1322 1663 vocabula

199 1725 239 1772 ex
267 1705 430 1772 eiusmodi
458 1705 571 1789 aliquo
598 1702 683 1770 libro
712 1706 953 1791 conquisivisse
975 1705 1146 1790 putandus
1174 1714 1236 1789 est,
1264 1706 1321 1790 qui

201 1815 328 1883 nostris
343 1816 402 1898 ,ad
417 1817 635 1882 Parnassum
660 1815 801 1882 ducibus
823 1837 889 1881 non
907 1815 1093 1894 dissimiles,
1114 1817 1321 1901 ,ccvuqoqtd

199 1925 406 2010 praebebant
439 1924 606 2006 ,tarteson
635 1923 678 1997 εἷς
701 1925 735 1989 τὸ
758 1925 831 1989 αὐτὸ
853 1928 979 2010 πρᾶγμα
1007 1925 1214 2011 ἁρμοζόντων,
1246 1925 1319 2011 πρὸς

200 2033 320 2120 ἕτοιμον
351 2034 494 2121 εὐπορίαν
522 2033 689 2121 φράσεως.“
733 2036 793 2102 His
827 2036 912 2101 enim
946 2036 1054 2102 verbis
1090 2041 1223 2118 Telephi,
1262 2036 1320 2118 qui

199 2152 272 2212 erat
292 2144 436 2213 Pollucis
457 2144 607 2231 aequalis
630 2151 665 2210 et
684 2145 830 2211 fortasse
852 2145 1046 2233 aemulus1),
1066 2141 1245 2210 Ὠκυτόκιον
1267 2144 1322 2210 de-

199 2255 314 2322 scribit
337 2255 467 2322 Suidas.
492 2293 526 2304 -
552 2254 675 2322 Multos
692 2275 948 2338 synonymorum
963 2262 1175 2322 enarratores
1191 2275 1321 2320 enume-

196 2366 285 2434 ravit
314 2371 350 2434 E.
381 2370 517 2432 Meierus
539 2385 654 2447 opusc.
688 2364 721 2428 11
749 2367 829 2452 34²)
856 2365 931 2432 Noli
962 2371 1082 2449 tamen,
1121 2368 1323 2431 Valckencrb'

201 2475 262 2564 (ad
284 2478 433 2541 Ammon.
454 2496 486 2560 p.
509 2476 594 2560 XX.)
616 2475 802 2559 opinionem
829 2481 973 2557 secutus,
1000 2474 1183 2542 interillos
1207 2496 1320 2539 nume·

195 2608 272 2654 rare
298 2593 413 2652 Jubum
440 2592 475 2652 et
504 2590 671 2669 Sanitium,
695 2582 904 2672 Ὁμοιοτὴτων
926 2593 1105 2670 utrumque
1142 2590 1318 2652 auctorem

197 2697 303 2764 Multo
335 2695 469 2782 quidem
495 2694 578 2760 haec
609 2696 720 2782 opinio
743 2696 851 2763 verior
873 2704 927 2764 est
947 2696 1012 2764 illis
1034 2694 1320 2774 hariolationibus,
1420 2735 1423 2740 -

198 2827 285 2891 quas
315 2805 356 2872 de
376 2813 477 2872 Iubae
495 2803 676 2892 Ὁμοιότησι
701 2805 853 2890 profudit
874 2813 1023 2888 Pappia
1046 2805 1086 2872 de
1108 2805 1183 2871 Jub.
1203 2827 1235 2889 p.
1266 2809 1320 2885 613

199 2916 295 2982 unice
324 2923 435 2982 tamen
465 2938 671 2984 veramesse
696 2912 1005 3001 annectendas
1029 2937 1076 2999 gr.
1103 2916 1154 2981 III
1182 2920 1244 2982 468
1273 2914 1319 2999 b.)

195 3032 230 3092 et
253 3030 296 3092 M.
314 3031 480 3093 Saeniani
500 3030 644 3114 (quaest.
661 3026 800 3111 Hesycb.
821 3049 852 3111 p.
868 3025 1005 3093 CLXXI.
1031 3025 1096 3113 sq.)
1113 3025 1318 3107 sententiam,

197 3135 238 3200 de
250 3137 417 3204 rariorum
433 3136 641 3221 populorum,
657 3138 777 3204 Graeci
796 3137 935 3204 maxime
950 3143 984 3202 et
998 3137 1146 3216 Romani,
1167 3135 1317 3202 moribus

195 3250 229 3309 et
243 3245 409 3313 institutis
430 3247 555 3313 intense
577 3250 779 3332 comparatis
802 3248 1030 3330 cogitantium,
1050 3246 1238 3330 fragmenta
1260 3248 1318 3310 do·

198 3356 343 3421 cantab
374 3354 542 3423 Athenaeo
573 3363 712 3424 servata
758 3355 922 3439 Ceterum,
953 3358 981 3423 si
1007 3356 1121 3423 licebit
1149 3354 1317 3436 hariolari,

266 3601 290 3670 1)
309 3599 352 3654 Ad
370 3603 489 3654 aemulos
507 3600 583 3655 euim
600 3602 658 3672 ipse
670 3603 767 3656 Pollux
783 3601 895 3671 respicit
907 3600 936 3655 in
948 3600 1015 3656 libri
1027 3601 1121 3671 quarti
1138 3601 1316 3670 praefatione,

194 3684 375 3755 inprimisque
393 3684 502 3739 ultimis
521 3685 625 3741 verbis.
643 3684 728 3740 Libet
745 3685 789 3739 hic
806 3686 944 3753 adnotare,
964 3685 1049 3741 etiam
1066 3687 1209 3740 dacianum
1222 3686 1316 3755 (quem

194 3769 263 3822 mihi
280 3785 360 3822 nemo
377 3771 567 3838 persuadebit,
592 3771 622 3824 in
640 3771 783 3825 alearum
801 3776 981 3841 praeceptore
1007 3787 1061 3824 non
1078 3770 1236 3825 cavillatum
1254 3787 1316 3825 esse

193 3854 355 3921 Pollucem),
381 3853 429 3909 ubi
448 3856 627 3928 ἀπειρόκαλόν
651 3873 681 3908 τε
704 3855 749 3907 καὶ
767 3854 892 3926 ὀψιμαθῆ
915 3859 992 3910 vocat
1017 3872 1111 3910 eorum
1130 3855 1315 3925 diligentiam,

193 3937 242 4007 qui
264 3939 342 3993 varia
365 3938 542 3996 saltationum
560 3941 670 3995 uomina
687 3939 809 3994 studiose
828 3940 1003 4010 collegerint,
1031 3941 1064 3994 de
1083 3941 1176 3996 saltat.
1195 3944 1242 4003 33,
1266 3956 1315 3994 uo-

194 4027 282 4079 strum
301 4038 364 4092 prae
382 4022 481 4077 ceteris
506 4023 644 4079 Pollucem
670 4027 765 4077 notare
788 4023 891 4090 uideri3
915 4024 945 4079 id
964 4027 1034 4094 quod
1057 4024 1170 4093 jemla
1194 4026 1315 4079 Orozium

193 4107 248 4176 (cd.
267 4106 378 4176 Bipout.
394 4106 419 4160 V
437 4107 507 4177 462.)
524 4108 605 4164 video
624 4109 792 4178 suspicatum
810 4125 880 4165 esse.

259 4193 285 4254 2)
304 4190 434 4260 Speciosa
453 4195 497 4246 est
516 4193 640 4246 Mainalia·
651 4193 817 4262 conjectura,
838 4210 854 4247 a
870 4194 904 4248 M.
919 4194 1063 4248 Schmidtz'o
1072 4198 1178 4263 quaest.
1196 4192 1314 4262 Hesycb.

193 4289 219 4341 p.
238 4272 528 4331 CXXVII-CXXIX
541 4277 710 4345 argumentis
727 4277 844 4342 firmata,
862 4278 891 4332 in
908 4278 1070 4347 Diogeniani
1088 4293 1196 4346 quoque
1209 4278 1314 4332 lexicon

193 4357 337 4413 transiisse
354 4363 446 4428 partes
464 4360 570 4430 aliquot
588 4360 723 4415 eiusmodi
741 4378 950 4432 synonymorum
968 4363 1148 4418 collectionis.

244 4459 356 4511 Belide,
369 4461 401 4502 lte
414 4462 510 4504 Pollucis
523 4460 625 4504 sontibus.
1111 4469 1127 4518 6
