3344 5126
735 409 774 468 35

192 615 311 658 naeum
334 612 434 674 supra
456 591 582 670 monui,
611 595 721 653 lulium
745 589 834 653 illins
862 590 965 652 fuisse
988 589 1021 652 in
1042 590 1188 672 proxime
1218 609 1312 671 prae·

192 704 387 768 cedentibus
411 701 577 783 capitibus
594 701 710 764 (lucem
734 701 816 763 satis
833 700 911 764 mihi
927 699 1041 763 videor
1057 700 1315 776 demonstrasse3

190 817 260 897 jam
285 813 341 894 qui
365 813 510 892 singulas
534 813 567 875 iu
590 811 757 893 capitibus
782 816 830 874 79.
854 813 888 874 et
910 813 960 876 80.
988 809 1100 872 videat
1121 808 1193 872 fieri
1214 815 1313 872 ,11111110

196 923 538 1002 commemorationes,
562 922 650 1004 quid,
675 943 807 1003 quaese,
828 919 979 1000 habebit,
1004 942 1062 984 cur
1083 924 1157 983 tota
1179 919 1237 982 illa
1260 939 1314 982 ca-

196 1035 267 1118 pita
289 1055 328 1098 ex
349 1031 455 1096 Jubae
477 1031 573 1096 libris
597 1034 761 1098 1101101010
784 1053 856 1096 esse
879 1031 996 1112 neget?
1017 1069 1059 1078 -
1080 1031 1118 1094 In
1140 1031 1249 1112 capite
1272 1037 1309 1094 81

193 1145 244 1207 bis
267 1143 423 1206 laudatur
444 1140 548 1222 Juba3
570 1147 677 1206 totum
699 1143 748 1206 illi
770 1147 872 1225 caput
886 1142 1032 1206 tribuere
1055 1140 1165 1204 nullus
1188 1141 1314 1206 dubita.
1426 1129 1428 1134 ⁵

192 1251 236 1315 Et
259 1253 333 1333 quis
357 1251 467 1334 paullo
491 1253 524 1314 in
546 1251 598 1316 his
621 1254 721 1318 rebus
744 1252 914 1332 versutior,
945 1251 1024 1334 quin
1053 1271 1130 1315 vere
1154 1258 1314 1331 pleraque

191 1368 295 1427 omniu
319 1383 401 1440 quoe
423 1370 454 1426 lu
477 1367 557 1426 libro
581 1376 693 1441 quarto
711 1371 749 1428 de
772 1371 902 1440 orpum's
923 1367 1047 1424 musicis
1070 1366 1207 1441 disputat¹
1221 1366 1314 1426 Atae-

192 1495 287 1538 uueus
310 1479 458 1537 edanum
481 1479 591 1537 lutum
608 1481 794 1552 referuntur
810 1472 999 1538 dubitabit?
1021 1493 1096 1536 cum
1117 1471 1314 1557 praesertim

194 1584 362 1669 σκινδαψόν,
386 1584 426 1648 (10
449 1605 524 1666 quo,
547 1584 694 1648 auctoris
717 1585 845 1649 nomine
868 1584 983 1664 tacito,
1004 1606 1036 1667 p.
1061 1585 1121 1648 183
1144 1583 1172 1646 A
1179 1582 1223 1666 [Β
1246 1582 1314 1646 dis-

198 1695 279 1759 serit
292 1694 493 1774 Athenaeus,
514 1695 549 1757 in
569 1699 668 1758 Juoue
685 1691 801 1778 ἱστορίᾳ
817 1694 964 1776 θεατρικῇ
980 1694 1182 1778 descriptum
1202 1692 1314 1773 fuisse,

194 1827 232 1870 ex
246 1805 383 1889 Didymo
400 1805 575 1885 discamus,
597 1805 692 1869 cuius
708 1806 795 1888 apud
811 1804 1011 1890 Hesychium
1026 1825 1051 1868 s.
1066 1799 1183 1888 βλίτυρι
1198 1804 1229 1887 (Ι
1244 1808 1314 1884 382,

194 1919 229 1979 61
256 1915 378 2000 Schm.)
400 1902 505 2002 Etym.
521 1915 563 1982 M.
587 1920 658 1998 201,
681 1921 699 1980 3
723 1921 756 1981 et
776 1917 810 1981 in
833 1916 971 2001 append.
994 1913 1176 1998 prov.156
1199 1937 1229 1997 p.
1251 1918 1311 1980 387

192 2025 280 2090 Gott.
313 2030 403 2090 extat
436 2024 477 2090 de
504 2027 569 2090 hac
599 2049 635 2092 re
665 2027 915 2093 animadversio.
960 2025 1067 2107 Caput
1097 2025 1238 2108 denique
1261 2029 1311 2092 82.

192 2136 249 2218 qui
269 2137 456 2201 etiamnunc
481 2159 519 2202 ex
540 2136 628 2202 Juba
649 2139 906 2220 transscriptum
928 2157 1001 2201 esse
1028 2135 1206 2218 negaverit,
1227 2156 1310 2215 eum,

191 2246 427 2330 plaudentibus
455 2250 492 2312 ut
514 2269 609 2332 spero
631 2248 748 2333 peritis
766 2248 946 2333 judicibus
969 2268 1043 2310 cum
1068 2265 1109 2310 ea
1129 2246 1312 2326 probabili-

190 2359 270 2422 tatis
294 2359 403 2442 specie
426 2377 491 2440 qua
512 2380 688 2441 possumus
710 2361 745 2424 in
766 2359 819 2423 his
841 2357 940 2423 rebus
964 2354 1111 2421 contenti
1139 2375 1211 2419 esse
1240 2358 1311 2419 tum

192 2490 232 2534 ea
253 2491 289 2534 re
312 2467 436 2534 erroris
459 2469 659 2550 convincam,
683 2469 770 2551 quod
793 2463 936 2551 τρίγωνον
958 2463 1084 2549 ὄργανον
1107 2485 1127 2528 0
1149 2470 1232 2530 Juou
1255 2465 1311 2528 de-

193 2580 353 2664 scriptum
376 2600 449 2643 esse
471 2578 544 2662 ipse
559 2578 747 2646 Athenaeus
772 2581 832 2643 175
848 2577 877 2641 D
893 2577 1024 2658 dixerit,
1048 2575 1141 2640 cuius
1164 2575 1311 2659 descrip-

189 2689 289 2754 tionis
312 2711 387 2755 cum
401 2689 458 2753 1110
481 2690 554 2754 1000
570 2696 699 2775 partem
714 2695 844 2755 tantum
863 2687 1047 2774 protulerit,
1069 2686 1104 2750 in
1126 2686 1236 2769 capite
1258 2690 1309 2752 82.

190 2801 269 2883 quin
299 2802 519 2867 enarrationis
548 2801 617 2866 11110
646 2800 821 2865 incohatae
848 2799 1010 2882 reliquam
1045 2800 1173 2883 partem
1204 2794 1311 2859 eidem

190 2912 311 2977 debeat
332 2911 463 2977 auctori
484 2932 550 2976 non
571 2917 682 2994 potest
705 2911 842 2976 dubium
864 2931 946 2975 esse.

273 3021 389 3087 Totam
411 3045 480 3088 rem
496 3023 524 3086 si
541 3029 682 3106 spectas,
703 3023 756 3088 vix
770 3021 880 3106 possis
902 3021 937 3084 in
957 3019 1010 3083 his
1033 3018 1173 3083 fontium
1196 3039 1310 3083 eruen-

190 3134 308 3198 dorum
330 3133 449 3198 studiis
471 3135 629 3218 majorem
643 3133 740 3198 facile
763 3132 920 3214 consequi
941 3130 1010 3194 reri
1033 3129 1185 3211 speciem,
1208 3150 1308 3212 quam

190 3266 256 3326 qua
275 3244 381 3310 Iubae
409 3244 451 3309 de
478 3244 635 3310 theatrali
662 3244 804 3308 historia
833 3242 919 3309 libro
948 3246 1065 3326 quarto
1093 3260 1309 3325 quaecunque

189 3355 264 3419 inde
293 3376 313 3418 a
342 3377 369 3420 c.
400 3361 439 3420 75
468 3375 572 3437 usque
606 3355 650 3419 ad
679 3375 704 3418 c.
733 3358 772 3420 82
801 3347 951 3436 disputat
980 3352 1167 3416 Athenaeus
1196 3352 1309 3416 deberi

189 3465 267 3530 licet
293 3465 516 3547 pronuntiare.
561 3465 646 3542 Quid
672 3464 799 3546 igitur?
835 3469 992 3529 Pollucem
1024 3483 1145 3541 quoque
1170 3483 1243 3525 suus
1272 3469 1310 3524 de

189 3583 319 3654 oruum's
341 3582 465 3641 musicis
487 3581 708 3656 disputationes
731 3597 771 3638 err
799 3579 882 3637 Jrrou
910 3578 1158 3652 truusscrr'pslsse
1173 3579 1308 3650 putaue-

189 3693 258 3752 rr‘m.
291 3687 362 3751 Hoc
376 3692 487 3751 autem
509 3687 558 3750 ita
573 3707 645 3750 esse
660 3684 791 3748 facilius
807 3683 907 3748 etiam
922 3682 1089 3762 concedet,
1111 3681 1168 3762 qui
1184 3685 1308 3762 quanta

190 3795 387 3860 auctoritate
410 3797 499 3878 apud
513 3796 714 3860 recentiores
737 3802 770 3859 et
784 3794 929 3859 Graecos
946 3798 979 3858 et
993 3793 1158 3856 Romanos
1181 3791 1309 3855 fructus

190 3906 234 3969 sit
258 3905 365 3970 Varro
393 3906 449 3970 ille
479 3905 691 3971 Mauretanus
722 3905 938 3990 reputaverit,
976 3911 1164 3988 quantoque
1199 3904 1308 3968 studio

189 4038 253 4080 11011
263 4017 450 4081 Athenaeus
466 4018 561 4081 modo
579 4017 636 4080 sed
651 4016 750 4080 etiam
764 4016 899 4097 Plinius,
908 4018 930 4100 ¹)
938 4015 1143 4096 Plutarchus,
1155 4014 1310 4077 Aelianus

260 4197 282 4258 1)
302 4192 355 4257 Qui
373 4194 424 4246 hoc
444 4195 520 4260 aget,
541 4194 652 4247 Plinium
672 4194 790 4262 plurima
809 4194 897 4250 Juhae
916 4192 1016 4248 debere
1039 4191 1122 4245 facile
1141 4189 1247 4259 poterit
1264 4189 1311 4243 de·
1371 4213 1373 4218 ·

191 4276 400 4340 monstrarem
419 4277 550 4331 auxilium
569 4281 669 4333 vocata
687 4279 803 4333 Bruanii
822 4278 872 4331 illa
890 4277 924 4330 de
943 4279 1086 4331 auctorum
1104 4273 1242 4328 indicibus
1254 4274 1311 4328 Pli-

189 4362 278 4416 nianis
298 4361 510 4419 observatione.
546 4363 625 4418 Nunc
643 4381 725 4418 unum
747 4378 855 4427 moneo,
875 4379 906 4414 ex
924 4362 996 4416 Juba
1014 4361 1125 4414 fluxisse
1151 4359 1216 4412 libri
1240 4359 1311 4412 VIII

1082 4463 1116 4515 3*
